[
  {
    "id": "1f7ea32b-124d-40c3-863f-f30b65364794",
    "market": "BTC-EUR",
    "timestamp": 1629032323428,
    "amount": "0.00256415",
    "price": "38902",
    "side": "buy"
  },
  {
    "id": "7cadf35a-3ec7-4bdd-94f0-fc0deb629a90",
    "market": "BTC-EUR",
    "timestamp": 1629032318082,
    "amount": "0.00064102",
    "price": "38903",
    "side": "buy"
  },
  {
    "id": "349783c4-9ca9-4ef9-896b-53fc98206a84",
    "market": "BTC-EUR",
    "timestamp": 1629032313642,
    "amount": "0.01262698",
    "price": "38903",
    "side": "sell"
  },
  {
    "id": "a81384c6-4cdb-4d43-93bf-395b3d5c2376",
    "market": "BTC-EUR",
    "timestamp": 1629032313095,
    "amount": "0.0038",
    "price": "38905",
    "side": "buy"
  },
  {
    "id": "94761795-aabd-4e80-8a14-08b7540f1267",
    "market": "BTC-EUR",
    "timestamp": 1629032312334,
    "amount": "0.00064093",
    "price": "38908",
    "side": "buy"
  },
  {
    "id": "6bce4c02-803d-48c0-af5d-5f45413b539c",
    "market": "BTC-EUR",
    "timestamp": 1629032297331,
    "amount": "0.00257694",
    "price": "38903",
    "side": "sell"
  },
  {
    "id": "3ed77d72-de7f-4795-a64a-f916b2adcaa2",
    "market": "BTC-EUR",
    "timestamp": 1629032293769,
    "amount": "0.00512738",
    "price": "38909",
    "side": "buy"
  },
  {
    "id": "12e76e3f-8d50-4187-857f-fed40188155f",
    "market": "BTC-EUR",
    "timestamp": 1629032292697,
    "amount": "0.00138425",
    "price": "38913",
    "side": "buy"
  },
  {
    "id": "8ceb816a-5e03-4e64-916b-da06da4176ff",
    "market": "BTC-EUR",
    "timestamp": 1629032286172,
    "amount": "0.03384046",
    "price": "38903",
    "side": "sell"
  },
  {
    "id": "8df661e0-c1d9-4dd7-bad3-35bcb4e744f0",
    "market": "BTC-EUR",
    "timestamp": 1629032286160,
    "amount": "0.01686",
    "price": "38904",
    "side": "sell"
  },
  {
    "id": "9ac83fad-565d-4cc1-9c9e-d704a818833f",
    "market": "BTC-EUR",
    "timestamp": 1629032285583,
    "amount": "0.00012829",
    "price": "38933",
    "side": "buy"
  },
  {
    "id": "62ab73e3-bb77-4ea8-8454-4bb18e7de272",
    "market": "BTC-EUR",
    "timestamp": 1629032270481,
    "amount": "0.00256171",
    "price": "38939",
    "side": "buy"
  },
  {
    "id": "af10b1e8-d777-47b6-8226-a56183cfb39b",
    "market": "BTC-EUR",
    "timestamp": 1629032265180,
    "amount": "0.00128828",
    "price": "38909",
    "side": "sell"
  },
  {
    "id": "fc55bb26-5573-4e52-8616-676fcfd78ea1",
    "market": "BTC-EUR",
    "timestamp": 1629032258755,
    "amount": "0.00297148",
    "price": "38937",
    "side": "buy"
  },
  {
    "id": "8e29b7a4-1daa-47a0-9329-e0d22c718632",
    "market": "BTC-EUR",
    "timestamp": 1629032258356,
    "amount": "0.00025618",
    "price": "38937",
    "side": "buy"
  },
  {
    "id": "736c9911-3bfb-40a1-a549-7c7733a989d8",
    "market": "BTC-EUR",
    "timestamp": 1629032250018,
    "amount": "0.00012808",
    "price": "38939",
    "side": "buy"
  },
  {
    "id": "cc3c924e-b5a4-46f2-a910-6bb937c95a01",
    "market": "BTC-EUR",
    "timestamp": 1629032244455,
    "amount": "0.00166502",
    "price": "38941",
    "side": "buy"
  },
  {
    "id": "81035ff0-95b2-498d-b8ff-147fe4d6ac89",
    "market": "BTC-EUR",
    "timestamp": 1629032240622,
    "amount": "0.00877084",
    "price": "38915",
    "side": "buy"
  },
  {
    "id": "ee7148a1-bea2-4314-aa7b-e29c5e4a3ae9",
    "market": "BTC-EUR",
    "timestamp": 1629032240616,
    "amount": "0.004052",
    "price": "38914",
    "side": "buy"
  },
  {
    "id": "cae30231-9285-4398-80d6-85f2f9826e42",
    "market": "BTC-EUR",
    "timestamp": 1629032222629,
    "amount": "0.00632185",
    "price": "38956",
    "side": "buy"
  },
  {
    "id": "1874d2ed-2e4a-4435-91ab-2eca65067958",
    "market": "BTC-EUR",
    "timestamp": 1629032221006,
    "amount": "0.0132382",
    "price": "38957",
    "side": "buy"
  },
  {
    "id": "b768c197-5667-44dc-9d70-e17535da97c0",
    "market": "BTC-EUR",
    "timestamp": 1629032220529,
    "amount": "0.00256277",
    "price": "38919",
    "side": "buy"
  },
  {
    "id": "e1e2f38d-3711-49fd-8825-3724f41ccd3b",
    "market": "BTC-EUR",
    "timestamp": 1629032216792,
    "amount": "0.00640593",
    "price": "38929",
    "side": "buy"
  },
  {
    "id": "5c824a60-bc8f-4f8a-ab93-9133d3b5699c",
    "market": "BTC-EUR",
    "timestamp": 1629032216353,
    "amount": "0.00057606",
    "price": "38915",
    "side": "sell"
  },
  {
    "id": "42d8de39-f7e8-4838-8c4c-80fd4565b884",
    "market": "BTC-EUR",
    "timestamp": 1629032207564,
    "amount": "0.00102534",
    "price": "38914",
    "side": "buy"
  },
  {
    "id": "d317544f-8451-4f84-9b13-d945898e04d1",
    "market": "BTC-EUR",
    "timestamp": 1629032203848,
    "amount": "0.01281252",
    "price": "38927",
    "side": "buy"
  },
  {
    "id": "6a53e2d8-2aff-43ed-985e-66a5a9e6072b",
    "market": "BTC-EUR",
    "timestamp": 1629032200974,
    "amount": "0.25769382",
    "price": "38903",
    "side": "sell"
  },
  {
    "id": "62bb4839-3322-4782-bd44-2341e1ce0ade",
    "market": "BTC-EUR",
    "timestamp": 1629032199123,
    "amount": "0.00507749",
    "price": "38896",
    "side": "sell"
  },
  {
    "id": "f874f044-b2df-4aa2-9494-8c979963d5c0",
    "market": "BTC-EUR",
    "timestamp": 1629032195614,
    "amount": "0.01706277",
    "price": "38935",
    "side": "buy"
  },
  {
    "id": "d3d4d99d-0e29-448a-8da2-fd8d8f99163a",
    "market": "BTC-EUR",
    "timestamp": 1629032182649,
    "amount": "0.00515348",
    "price": "38906",
    "side": "sell"
  },
  {
    "id": "50e00033-5ce1-41aa-adab-3fd218849b8c",
    "market": "BTC-EUR",
    "timestamp": 1629032176924,
    "amount": "0.00128019",
    "price": "38959",
    "side": "buy"
  },
  {
    "id": "180669bf-1b52-4a5c-bdea-7b74b4ddcd93",
    "market": "BTC-EUR",
    "timestamp": 1629032176126,
    "amount": "0.003",
    "price": "38913",
    "side": "sell"
  },
  {
    "id": "bb06ea6e-b631-4eb7-9a0a-9b3323950ac6",
    "market": "BTC-EUR",
    "timestamp": 1629032163723,
    "amount": "0.00025621",
    "price": "38933",
    "side": "buy"
  },
  {
    "id": "adb4795b-f1c3-4683-a5df-db3bdbdb5e0f",
    "market": "BTC-EUR",
    "timestamp": 1629032160875,
    "amount": "0.00051248",
    "price": "38928",
    "side": "buy"
  },
  {
    "id": "26547eeb-27f8-42da-a21d-7bf305c04a7c",
    "market": "BTC-EUR",
    "timestamp": 1629032159203,
    "amount": "0.00384365",
    "price": "38928",
    "side": "buy"
  },
  {
    "id": "902055e2-4559-47f9-abbf-c5745aa2d9c8",
    "market": "BTC-EUR",
    "timestamp": 1629032156855,
    "amount": "0.00012807",
    "price": "38942",
    "side": "buy"
  },
  {
    "id": "bdeb97fe-62c1-425a-be23-ec593dfe2b5a",
    "market": "BTC-EUR",
    "timestamp": 1629032155881,
    "amount": "0.04945581",
    "price": "38942",
    "side": "buy"
  },
  {
    "id": "861de2fc-3163-422f-b4f9-8fd79edd4264",
    "market": "BTC-EUR",
    "timestamp": 1629032155873,
    "amount": "0.0018",
    "price": "38942",
    "side": "buy"
  },
  {
    "id": "77b8699d-f463-43d1-9a85-bcf90d507abf",
    "market": "BTC-EUR",
    "timestamp": 1629032148955,
    "amount": "0.00128808",
    "price": "38915",
    "side": "sell"
  },
  {
    "id": "384982e1-88e0-45c8-a928-e8d5ad0c48c6",
    "market": "BTC-EUR",
    "timestamp": 1629032147353,
    "amount": "0.00012803",
    "price": "38953",
    "side": "buy"
  },
  {
    "id": "f5281d15-ba47-4c6c-8949-2d0c9caa7226",
    "market": "BTC-EUR",
    "timestamp": 1629032144461,
    "amount": "0.00038413",
    "price": "38951",
    "side": "buy"
  },
  {
    "id": "04957444-38dc-4474-b026-6ae7867b49e9",
    "market": "BTC-EUR",
    "timestamp": 1629032118014,
    "amount": "0.00063954",
    "price": "38993",
    "side": "buy"
  },
  {
    "id": "d9183867-a32d-4ed9-b0f6-75c978bc58c0",
    "market": "BTC-EUR",
    "timestamp": 1629032117803,
    "amount": "0.00127908",
    "price": "38993",
    "side": "buy"
  },
  {
    "id": "2261fb05-aa71-490b-8675-8246e605c789",
    "market": "BTC-EUR",
    "timestamp": 1629032115162,
    "amount": "0.00526496",
    "price": "38993",
    "side": "buy"
  },
  {
    "id": "4d00b8db-f331-446a-8e05-44a3feaef80a",
    "market": "BTC-EUR",
    "timestamp": 1629032114238,
    "amount": "0.00038338",
    "price": "39002",
    "side": "buy"
  },
  {
    "id": "d5994da4-30b1-4f99-8328-7b312545bb14",
    "market": "BTC-EUR",
    "timestamp": 1629032110263,
    "amount": "0.00868974",
    "price": "39006",
    "side": "buy"
  },
  {
    "id": "6179cd5f-b49f-4136-9ef6-c12a77a03047",
    "market": "BTC-EUR",
    "timestamp": 1629032110257,
    "amount": "0.00410321",
    "price": "39005",
    "side": "buy"
  },
  {
    "id": "6ae92ae1-fe69-42a2-ba28-1ef60f86e425",
    "market": "BTC-EUR",
    "timestamp": 1629032107797,
    "amount": "0.00051179",
    "price": "38981",
    "side": "buy"
  },
  {
    "id": "f17ffb38-a787-4cbc-a93e-cb86e193dd08",
    "market": "BTC-EUR",
    "timestamp": 1629032097084,
    "amount": "0.00372798",
    "price": "38988",
    "side": "buy"
  },
  {
    "id": "778b9ef2-dfdf-4e60-a072-35705334c22f",
    "market": "BTC-EUR",
    "timestamp": 1629032097078,
    "amount": "0.00906468",
    "price": "38987",
    "side": "buy"
  },
  {
    "id": "d43debc3-bcce-4979-800a-5dcfe48b412e",
    "market": "BTC-EUR",
    "timestamp": 1629032095826,
    "amount": "0.00537256",
    "price": "38990",
    "side": "buy"
  },
  {
    "id": "9645cbb5-755d-4b82-98f3-b80d733c5cb0",
    "market": "BTC-EUR",
    "timestamp": 1629032091229,
    "amount": "0.00256082",
    "price": "38972",
    "side": "buy"
  },
  {
    "id": "ca08becf-9731-4e56-954c-ef02bca31daf",
    "market": "BTC-EUR",
    "timestamp": 1629032089683,
    "amount": "0.01234506",
    "price": "38951",
    "side": "sell"
  },
  {
    "id": "497f8162-888f-4fd4-a1f7-947281e4dba5",
    "market": "BTC-EUR",
    "timestamp": 1629032080117,
    "amount": "0.00512532",
    "price": "38944",
    "side": "buy"
  },
  {
    "id": "bc6f091b-8616-4ddf-92bf-341d75d0462c",
    "market": "BTC-EUR",
    "timestamp": 1629032073496,
    "amount": "0.00895956",
    "price": "38967",
    "side": "buy"
  },
  {
    "id": "e633ce52-a323-482f-a6e3-0581bb3b580d",
    "market": "BTC-EUR",
    "timestamp": 1629032068664,
    "amount": "0.01284832",
    "price": "38935",
    "side": "buy"
  },
  {
    "id": "3bcb2c22-9512-405b-a56c-b4c1ee739a14",
    "market": "BTC-EUR",
    "timestamp": 1629032057671,
    "amount": "0.02054916",
    "price": "38932",
    "side": "buy"
  },
  {
    "id": "504ccb8d-57d3-41c2-b560-a5a86126b794",
    "market": "BTC-EUR",
    "timestamp": 1629032050199,
    "amount": "0.00244618",
    "price": "38914",
    "side": "sell"
  },
  {
    "id": "fb3c56e4-9af6-403c-a9e7-329fa4c5eae9",
    "market": "BTC-EUR",
    "timestamp": 1629032037540,
    "amount": "0.12319062",
    "price": "38889",
    "side": "sell"
  },
  {
    "id": "0b8e4a8f-67d4-4229-b55c-2ed6c4fb218f",
    "market": "BTC-EUR",
    "timestamp": 1629032037532,
    "amount": "0.01687",
    "price": "38890",
    "side": "sell"
  },
  {
    "id": "163d5c55-49ee-419e-888d-b6ada40f6ce3",
    "market": "BTC-EUR",
    "timestamp": 1629032036773,
    "amount": "0.00025628",
    "price": "38921",
    "side": "buy"
  },
  {
    "id": "3ddc625b-9ec5-453c-aabc-60903046151c",
    "market": "BTC-EUR",
    "timestamp": 1629032036414,
    "amount": "0.00128144",
    "price": "38921",
    "side": "buy"
  },
  {
    "id": "27175fe0-ff14-4926-a2f6-a5a9484a0089",
    "market": "BTC-EUR",
    "timestamp": 1629032033007,
    "amount": "0.25116418",
    "price": "38921",
    "side": "buy"
  },
  {
    "id": "acb8c7ca-f67e-42e9-acc7-fb4bcaa5bdb8",
    "market": "BTC-EUR",
    "timestamp": 1629032028967,
    "amount": "0.00384405",
    "price": "38924",
    "side": "buy"
  },
  {
    "id": "eb2b404b-6c5c-44d3-868e-9b25d403e889",
    "market": "BTC-EUR",
    "timestamp": 1629032027767,
    "amount": "0.04619776",
    "price": "38924",
    "side": "buy"
  },
  {
    "id": "ee7eec31-ead9-42fa-a1b8-8b9668cadd2c",
    "market": "BTC-EUR",
    "timestamp": 1629032026116,
    "amount": "0.00012813",
    "price": "38924",
    "side": "buy"
  },
  {
    "id": "62c737c4-43da-42a8-8b0f-ef003b791b1b",
    "market": "BTC-EUR",
    "timestamp": 1629032013637,
    "amount": "0.22381069",
    "price": "38887",
    "side": "buy"
  },
  {
    "id": "b29cf71e-2acb-4f1c-9304-309f144d3c38",
    "market": "BTC-EUR",
    "timestamp": 1629032013631,
    "amount": "0.007398",
    "price": "38886",
    "side": "buy"
  },
  {
    "id": "822eac63-4be2-45a3-b18b-3b0b99101ba7",
    "market": "BTC-EUR",
    "timestamp": 1629031999874,
    "amount": "0.00256243",
    "price": "38928",
    "side": "buy"
  },
  {
    "id": "e43fb3d9-3d26-4128-b4c3-243400357581",
    "market": "BTC-EUR",
    "timestamp": 1629031996689,
    "amount": "0.01283177",
    "price": "38888",
    "side": "buy"
  },
  {
    "id": "b3b7f127-e648-4ad8-9225-b252b3ba20d1",
    "market": "BTC-EUR",
    "timestamp": 1629031996048,
    "amount": "0.00064455",
    "price": "38884",
    "side": "sell"
  },
  {
    "id": "7eecd210-5467-485e-9fe6-4cb9dbe4b8a7",
    "market": "BTC-EUR",
    "timestamp": 1629031985821,
    "amount": "0.00272133",
    "price": "38880",
    "side": "buy"
  },
  {
    "id": "30af0353-8b5d-48ac-bd75-82959141ce70",
    "market": "BTC-EUR",
    "timestamp": 1629031972348,
    "amount": "0.00012891",
    "price": "38884",
    "side": "sell"
  },
  {
    "id": "7a011d39-df01-4d28-b2a4-9106112362da",
    "market": "BTC-EUR",
    "timestamp": 1629031971797,
    "amount": "0.002565",
    "price": "38889",
    "side": "buy"
  },
  {
    "id": "fdb761b6-606d-4163-8b43-30162d2fe86c",
    "market": "BTC-EUR",
    "timestamp": 1629031965395,
    "amount": "0.00436136",
    "price": "38883",
    "side": "sell"
  },
  {
    "id": "a6422de3-64ec-4b94-88dd-7d9445218d2c",
    "market": "BTC-EUR",
    "timestamp": 1629031965389,
    "amount": "0.00391184",
    "price": "38884",
    "side": "sell"
  },
  {
    "id": "92a542e2-7c3e-40e8-bf00-78623966c616",
    "market": "BTC-EUR",
    "timestamp": 1629031965380,
    "amount": "0.01687",
    "price": "38884",
    "side": "sell"
  },
  {
    "id": "30d698d7-0ee2-4694-8a21-fb1a3755454e",
    "market": "BTC-EUR",
    "timestamp": 1629031962534,
    "amount": "0.00064457",
    "price": "38883",
    "side": "sell"
  },
  {
    "id": "9f80bff8-2bb3-49a2-af84-672574a85841",
    "market": "BTC-EUR",
    "timestamp": 1629031960366,
    "amount": "0.00512988",
    "price": "38890",
    "side": "buy"
  },
  {
    "id": "fc7e3a3f-cd71-43d8-bda2-ee921db85b06",
    "market": "BTC-EUR",
    "timestamp": 1629031957515,
    "amount": "0.00101112",
    "price": "38882",
    "side": "sell"
  },
  {
    "id": "edfe24a9-4981-4954-b3e1-24595f2c066a",
    "market": "BTC-EUR",
    "timestamp": 1629031944098,
    "amount": "0.01280649",
    "price": "38883",
    "side": "buy"
  },
  {
    "id": "9876024e-99ba-4ceb-943b-2bc032dfc181",
    "market": "BTC-EUR",
    "timestamp": 1629031942049,
    "amount": "0.00147657",
    "price": "38885",
    "side": "buy"
  },
  {
    "id": "1478498f-09e5-4df2-925c-7550128af9a7",
    "market": "BTC-EUR",
    "timestamp": 1629031934771,
    "amount": "3.35229275",
    "price": "38870",
    "side": "sell"
  },
  {
    "id": "89fd8a69-ef89-4622-ba0e-713337fc7038",
    "market": "BTC-EUR",
    "timestamp": 1629031934763,
    "amount": "0.10402934",
    "price": "38871",
    "side": "sell"
  },
  {
    "id": "57a73eac-c29c-4804-a665-d4b5d957258b",
    "market": "BTC-EUR",
    "timestamp": 1629031934757,
    "amount": "0.10402933",
    "price": "38871",
    "side": "sell"
  },
  {
    "id": "ed74972d-e26b-4376-8641-758b28aa5fdd",
    "market": "BTC-EUR",
    "timestamp": 1629031934751,
    "amount": "0.09499297",
    "price": "38882",
    "side": "sell"
  },
  {
    "id": "887498b4-2781-473f-a91d-ce918f9fa865",
    "market": "BTC-EUR",
    "timestamp": 1629031934746,
    "amount": "0.01300222",
    "price": "38889",
    "side": "sell"
  },
  {
    "id": "6d2f6034-e3b1-46d1-8bdd-3609e12fda36",
    "market": "BTC-EUR",
    "timestamp": 1629031934738,
    "amount": "1.28507574",
    "price": "38890",
    "side": "sell"
  },
  {
    "id": "8bbf9bf6-016c-44d4-b266-11ab4711d90a",
    "market": "BTC-EUR",
    "timestamp": 1629031929214,
    "amount": "0.00018047",
    "price": "38886",
    "side": "sell"
  },
  {
    "id": "5bbc52b7-c50e-4056-97eb-6222a091ae16",
    "market": "BTC-EUR",
    "timestamp": 1629031927815,
    "amount": "0.0038676",
    "price": "38881",
    "side": "sell"
  },
  {
    "id": "d04a9c09-05d7-415f-80f8-1a893c3be740",
    "market": "BTC-EUR",
    "timestamp": 1629031923858,
    "amount": "0.00012817",
    "price": "38911",
    "side": "buy"
  },
  {
    "id": "c97760a7-125d-405e-8804-2c551ab4b391",
    "market": "BTC-EUR",
    "timestamp": 1629031919487,
    "amount": "0.00012817",
    "price": "38912",
    "side": "buy"
  },
  {
    "id": "8d31875d-3e0d-435c-a32d-32c6d6e4924e",
    "market": "BTC-EUR",
    "timestamp": 1629031918080,
    "amount": "0.00000018",
    "price": "38877",
    "side": "sell"
  },
  {
    "id": "24428a32-7633-4d76-b5a5-f961d593fcb5",
    "market": "BTC-EUR",
    "timestamp": 1629031908884,
    "amount": "0.00074724",
    "price": "38875",
    "side": "sell"
  },
  {
    "id": "b3cb8f4f-dd68-4daa-8ff6-6f3b9f68b262",
    "market": "BTC-EUR",
    "timestamp": 1629031898852,
    "amount": "0.01923261",
    "price": "38899",
    "side": "buy"
  },
  {
    "id": "efd72d40-c5a8-4772-8457-9515d0a8f612",
    "market": "BTC-EUR",
    "timestamp": 1629031885086,
    "amount": "0.01629394",
    "price": "38897",
    "side": "buy"
  },
  {
    "id": "29a25ed0-4642-4450-9536-f9c48340b087",
    "market": "BTC-EUR",
    "timestamp": 1629031885081,
    "amount": "0.03603195",
    "price": "38893",
    "side": "buy"
  },
  {
    "id": "aea2749d-8e0f-4577-9506-3462b1a8f32b",
    "market": "BTC-EUR",
    "timestamp": 1629031885074,
    "amount": "0.05391131",
    "price": "38889",
    "side": "buy"
  },
  {
    "id": "b40371c8-528f-4211-a494-67a673096043",
    "market": "BTC-EUR",
    "timestamp": 1629031852348,
    "amount": "0.00128299",
    "price": "38874",
    "side": "buy"
  },
  {
    "id": "afbddde1-1ccc-42cd-974b-9feceaa94f32",
    "market": "BTC-EUR",
    "timestamp": 1629031850996,
    "amount": "0.01282999",
    "price": "38874",
    "side": "buy"
  },
  {
    "id": "6bee2fd5-5a49-42e6-8ac1-83af5cd0a635",
    "market": "BTC-EUR",
    "timestamp": 1629031850876,
    "amount": "0.00644625",
    "price": "38860",
    "side": "sell"
  },
  {
    "id": "5722d791-de6c-41b1-947e-4ffc89c73522",
    "market": "BTC-EUR",
    "timestamp": 1629031846076,
    "amount": "0.00064495",
    "price": "38860",
    "side": "sell"
  },
  {
    "id": "52d11f81-3bb7-49cd-b6fa-720e4c137e6c",
    "market": "BTC-EUR",
    "timestamp": 1629031836278,
    "amount": "0.00174755",
    "price": "38860",
    "side": "sell"
  },
  {
    "id": "8569719c-a4c7-4da9-8065-db556504be3f",
    "market": "BTC-EUR",
    "timestamp": 1629031834180,
    "amount": "0.00521499",
    "price": "38864",
    "side": "buy"
  },
  {
    "id": "dca9e483-4cec-4ee0-9188-39cd3eb5fb03",
    "market": "BTC-EUR",
    "timestamp": 1629031832332,
    "amount": "0.00012833",
    "price": "38864",
    "side": "buy"
  },
  {
    "id": "9fe9decb-1d35-4e6e-ba15-8976b1ebc4a1",
    "market": "BTC-EUR",
    "timestamp": 1629031825502,
    "amount": "0.00012831",
    "price": "38868",
    "side": "buy"
  },
  {
    "id": "96c1011a-430d-482d-92c6-d91265b0532b",
    "market": "BTC-EUR",
    "timestamp": 1629031814093,
    "amount": "0.00346445",
    "price": "38870",
    "side": "buy"
  },
  {
    "id": "1b34062c-5fe7-44d1-84b3-df43f330aa0a",
    "market": "BTC-EUR",
    "timestamp": 1629031812558,
    "amount": "0.00371274",
    "price": "38874",
    "side": "buy"
  },
  {
    "id": "8e6029eb-029b-4bd4-8165-be7ac3e53a71",
    "market": "BTC-EUR",
    "timestamp": 1629031812552,
    "amount": "0.009374",
    "price": "38873",
    "side": "buy"
  },
  {
    "id": "0ff2b37f-d731-452a-bcac-3a474bead0da",
    "market": "BTC-EUR",
    "timestamp": 1629031806198,
    "amount": "0.11298552",
    "price": "38890",
    "side": "buy"
  },
  {
    "id": "9b0e325e-0424-49ad-8724-5187fea57a25",
    "market": "BTC-EUR",
    "timestamp": 1629031806193,
    "amount": "0.03754037",
    "price": "38878",
    "side": "buy"
  },
  {
    "id": "12309a3a-203a-4d54-842f-d1a98ade65e1",
    "market": "BTC-EUR",
    "timestamp": 1629031806188,
    "amount": "0.03604976",
    "price": "38874",
    "side": "buy"
  },
  {
    "id": "3855a00c-7760-4f36-a782-291ac7a15ff8",
    "market": "BTC-EUR",
    "timestamp": 1629031806183,
    "amount": "0.05393787",
    "price": "38870",
    "side": "buy"
  },
  {
    "id": "e042b802-c121-4b83-b0a6-4ab469af2c72",
    "market": "BTC-EUR",
    "timestamp": 1629031806175,
    "amount": "0.01637674",
    "price": "38869",
    "side": "buy"
  },
  {
    "id": "269ca435-b9c8-40d0-8ff5-ed5bc93a7e0e",
    "market": "BTC-EUR",
    "timestamp": 1629031805780,
    "amount": "0.00348263",
    "price": "38861",
    "side": "sell"
  },
  {
    "id": "6f287101-3194-4474-9381-52b940a47196",
    "market": "BTC-EUR",
    "timestamp": 1629031798949,
    "amount": "0.00051326",
    "price": "38869",
    "side": "buy"
  },
  {
    "id": "f504b56e-b4f6-4589-ab05-602141b99792",
    "market": "BTC-EUR",
    "timestamp": 1629031796432,
    "amount": "0.00154706",
    "price": "38861",
    "side": "sell"
  },
  {
    "id": "3e5703d6-0388-4063-b53a-0a0d1be91127",
    "market": "BTC-EUR",
    "timestamp": 1629031772979,
    "amount": "0.00038696",
    "price": "38861",
    "side": "sell"
  },
  {
    "id": "bf563c24-fbab-4df9-8ff7-c8320c2f17d1",
    "market": "BTC-EUR",
    "timestamp": 1629031769262,
    "amount": "0.00128283",
    "price": "38879",
    "side": "buy"
  },
  {
    "id": "038e71e8-56b2-4f46-be75-f3d2fe7a44bd",
    "market": "BTC-EUR",
    "timestamp": 1629031767353,
    "amount": "0.00256566",
    "price": "38879",
    "side": "buy"
  },
  {
    "id": "2ce7aec6-a1d7-451a-ba90-629b710e46dc",
    "market": "BTC-EUR",
    "timestamp": 1629031760244,
    "amount": "0.10836753",
    "price": "38857",
    "side": "sell"
  },
  {
    "id": "ef1e60a8-c390-485b-925f-020859595fa7",
    "market": "BTC-EUR",
    "timestamp": 1629031760236,
    "amount": "0.01559068",
    "price": "38858",
    "side": "sell"
  },
  {
    "id": "ea6e249f-64cd-47d8-a924-d9abddc47d2e",
    "market": "BTC-EUR",
    "timestamp": 1629031752127,
    "amount": "0.00132345",
    "price": "38869",
    "side": "buy"
  },
  {
    "id": "e9154fa2-66ab-4dc9-b76d-fa3883015cea",
    "market": "BTC-EUR",
    "timestamp": 1629031746187,
    "amount": "0.00128932",
    "price": "38858",
    "side": "sell"
  },
  {
    "id": "2acdc202-8e73-4c9a-ad29-39b21d94ca8e",
    "market": "BTC-EUR",
    "timestamp": 1629031744112,
    "amount": "0.00769898",
    "price": "38869",
    "side": "buy"
  },
  {
    "id": "7ab57762-41b1-4d37-80a4-ad956cef3a2e",
    "market": "BTC-EUR",
    "timestamp": 1629031721777,
    "amount": "0.01289315",
    "price": "38858",
    "side": "sell"
  },
  {
    "id": "89c0e582-323d-41a8-b530-ab403eb2f486",
    "market": "BTC-EUR",
    "timestamp": 1629031718807,
    "amount": "0.00641417",
    "price": "38879",
    "side": "buy"
  },
  {
    "id": "bd8fe7ea-96cc-49c0-9fdf-d805de651db4",
    "market": "BTC-EUR",
    "timestamp": 1629031717552,
    "amount": "0.00256566",
    "price": "38879",
    "side": "buy"
  },
  {
    "id": "79ccfcb9-867c-423e-b0cd-f95f8b25a7dc",
    "market": "BTC-EUR",
    "timestamp": 1629031715351,
    "amount": "0.00002771",
    "price": "38858",
    "side": "sell"
  },
  {
    "id": "45b913b3-eff2-4822-94fe-3ecaaaab7754",
    "market": "BTC-EUR",
    "timestamp": 1629031712910,
    "amount": "0.01284466",
    "price": "38880",
    "side": "buy"
  },
  {
    "id": "291dbb16-b385-48cc-bc71-be8c25524ca1",
    "market": "BTC-EUR",
    "timestamp": 1629031711214,
    "amount": "0.02565602",
    "price": "38880",
    "side": "buy"
  },
  {
    "id": "f744e089-6db5-402b-a93c-647a473c44f1",
    "market": "BTC-EUR",
    "timestamp": 1629031710866,
    "amount": "0.01289315",
    "price": "38858",
    "side": "sell"
  },
  {
    "id": "c49e3617-05c3-4e9f-a100-e0156bfa4dd8",
    "market": "BTC-EUR",
    "timestamp": 1629031692487,
    "amount": "0.10508924",
    "price": "38891",
    "side": "buy"
  },
  {
    "id": "0987a858-7fda-4f72-b619-9d516b7fb073",
    "market": "BTC-EUR",
    "timestamp": 1629031680006,
    "amount": "0.00640906",
    "price": "38910",
    "side": "buy"
  },
  {
    "id": "ae6d0bf3-7d9d-4dfc-bc9b-8d39e19b6d39",
    "market": "BTC-EUR",
    "timestamp": 1629031670355,
    "amount": "0.00025636",
    "price": "38910",
    "side": "buy"
  },
  {
    "id": "31cd8a54-b785-4fee-a92c-52a7f2fcf506",
    "market": "BTC-EUR",
    "timestamp": 1629031667001,
    "amount": "0.00128181",
    "price": "38910",
    "side": "buy"
  },
  {
    "id": "97d9341a-cb32-405a-a2b0-45c410eff49a",
    "market": "BTC-EUR",
    "timestamp": 1629031661411,
    "amount": "0.00020506",
    "price": "38914",
    "side": "buy"
  },
  {
    "id": "755dac81-94b0-439a-b341-28eb7474ff36",
    "market": "BTC-EUR",
    "timestamp": 1629031657803,
    "amount": "0.12822389",
    "price": "38932",
    "side": "buy"
  },
  {
    "id": "1349884e-2051-4ad8-8429-3c579c5e773f",
    "market": "BTC-EUR",
    "timestamp": 1629031654713,
    "amount": "0.10033274",
    "price": "38932",
    "side": "buy"
  },
  {
    "id": "6649c0d5-9c6e-4954-92cd-29e6664f4df4",
    "market": "BTC-EUR",
    "timestamp": 1629031654706,
    "amount": "0.07344709",
    "price": "38929",
    "side": "buy"
  },
  {
    "id": "a19c64f1-874b-4b1f-8e9d-3bc20c329e15",
    "market": "BTC-EUR",
    "timestamp": 1629031654701,
    "amount": "0.03750108",
    "price": "38918",
    "side": "buy"
  },
  {
    "id": "e90ebbd3-c3ab-48c6-9754-6c994608bc5a",
    "market": "BTC-EUR",
    "timestamp": 1629031654694,
    "amount": "0.03601203",
    "price": "38914",
    "side": "buy"
  },
  {
    "id": "4c780a3d-b32b-4cda-91b4-a14ac2f8b829",
    "market": "BTC-EUR",
    "timestamp": 1629031654690,
    "amount": "0.05388143",
    "price": "38910",
    "side": "buy"
  },
  {
    "id": "1ad4582b-f0a2-4df3-a50d-5f3fabf1c6a1",
    "market": "BTC-EUR",
    "timestamp": 1629031654684,
    "amount": "0.04726943",
    "price": "38903",
    "side": "buy"
  },
  {
    "id": "7b99ed6e-0142-415c-967a-040e9a7acc27",
    "market": "BTC-EUR",
    "timestamp": 1629031654677,
    "amount": "0.01037",
    "price": "38902",
    "side": "buy"
  },
  {
    "id": "4930924a-64be-4264-a6db-02537cbb5a27",
    "market": "BTC-EUR",
    "timestamp": 1629031647710,
    "amount": "0.00025652",
    "price": "38886",
    "side": "buy"
  },
  {
    "id": "32e909e5-e7a7-4b64-9abe-62248f544cb0",
    "market": "BTC-EUR",
    "timestamp": 1629031635157,
    "amount": "0.00246573",
    "price": "38878",
    "side": "sell"
  },
  {
    "id": "e332d00b-4cb7-4dd4-81ca-20709dd204ed",
    "market": "BTC-EUR",
    "timestamp": 1629031622844,
    "amount": "0.00252345",
    "price": "38869",
    "side": "sell"
  },
  {
    "id": "ab86c1a7-56f2-474a-89bc-8ff47b8b555a",
    "market": "BTC-EUR",
    "timestamp": 1629031617545,
    "amount": "0.03688525",
    "price": "38876",
    "side": "sell"
  },
  {
    "id": "5e65297d-4953-4421-b2f0-32eaa7f91468",
    "market": "BTC-EUR",
    "timestamp": 1629031614922,
    "amount": "0.00551196",
    "price": "38907",
    "side": "buy"
  },
  {
    "id": "29b02064-0b00-4ca0-b939-d92823e7814a",
    "market": "BTC-EUR",
    "timestamp": 1629031614916,
    "amount": "0.00730724",
    "price": "38906",
    "side": "buy"
  },
  {
    "id": "59b93f97-4b34-45fa-a811-a54432055925",
    "market": "BTC-EUR",
    "timestamp": 1629031613127,
    "amount": "0.00128177",
    "price": "38911",
    "side": "buy"
  },
  {
    "id": "9fea89e9-b67a-422a-9d5e-946e0e727693",
    "market": "BTC-EUR",
    "timestamp": 1629031606024,
    "amount": "0.02050794",
    "price": "38912",
    "side": "buy"
  },
  {
    "id": "4e2f992d-80ff-4c39-b08f-7a0eb3701c83",
    "market": "BTC-EUR",
    "timestamp": 1629031604506,
    "amount": "0.00256481",
    "price": "38892",
    "side": "buy"
  },
  {
    "id": "3364c457-471a-48db-bebd-70273ba198ee",
    "market": "BTC-EUR",
    "timestamp": 1629031595541,
    "amount": "0.00076898",
    "price": "38915",
    "side": "buy"
  },
  {
    "id": "76524d6a-daa8-4da2-a2c2-37831dca0cfe",
    "market": "BTC-EUR",
    "timestamp": 1629031592023,
    "amount": "0.00512658",
    "price": "38915",
    "side": "buy"
  },
  {
    "id": "f73405b0-e2b0-40e8-abe0-a8ff5f885718",
    "market": "BTC-EUR",
    "timestamp": 1629031582390,
    "amount": "0.00512566",
    "price": "38922",
    "side": "buy"
  },
  {
    "id": "70fee1d6-7339-40f0-bdea-01542a56b09c",
    "market": "BTC-EUR",
    "timestamp": 1629031577977,
    "amount": "0.00025618",
    "price": "38937",
    "side": "buy"
  },
  {
    "id": "83db367b-1f51-493c-916d-6042f8d00346",
    "market": "BTC-EUR",
    "timestamp": 1629031565993,
    "amount": "0.08563478",
    "price": "38877",
    "side": "sell"
  },
  {
    "id": "9743b616-e422-42d7-967f-e6858264c724",
    "market": "BTC-EUR",
    "timestamp": 1629031565987,
    "amount": "0.01436522",
    "price": "38878",
    "side": "sell"
  },
  {
    "id": "b311e463-0a58-4483-a23d-11399591a60c",
    "market": "BTC-EUR",
    "timestamp": 1629031553147,
    "amount": "0.00251478",
    "price": "38868",
    "side": "sell"
  },
  {
    "id": "82a10a0c-2f3b-4847-9abd-e7a9e9ff4e76",
    "market": "BTC-EUR",
    "timestamp": 1629031543295,
    "amount": "0.00512948",
    "price": "38893",
    "side": "buy"
  },
  {
    "id": "a991e436-6fce-4379-9901-33e15c9c0af9",
    "market": "BTC-EUR",
    "timestamp": 1629031533509,
    "amount": "0.00064123",
    "price": "38890",
    "side": "buy"
  },
  {
    "id": "aff3b7f0-f08e-4d07-83ae-e08085cdd1ad",
    "market": "BTC-EUR",
    "timestamp": 1629031526090,
    "amount": "0.0515313",
    "price": "38858",
    "side": "sell"
  },
  {
    "id": "05a08b70-71f1-4a2a-8af1-890a1cfbd046",
    "market": "BTC-EUR",
    "timestamp": 1629031521895,
    "amount": "0.00385",
    "price": "38888",
    "side": "buy"
  },
  {
    "id": "57405e47-fe10-409f-b03d-8d08ce4ddb08",
    "market": "BTC-EUR",
    "timestamp": 1629031507491,
    "amount": "0.00118454",
    "price": "38908",
    "side": "buy"
  },
  {
    "id": "80d088e8-3416-42e7-847b-870f9813b76b",
    "market": "BTC-EUR",
    "timestamp": 1629031507483,
    "amount": "0.00131546",
    "price": "38908",
    "side": "buy"
  },
  {
    "id": "f82be6e8-4c65-4ee2-8641-0c4a3d44ebe3",
    "market": "BTC-EUR",
    "timestamp": 1629031502409,
    "amount": "0.81360457",
    "price": "38930",
    "side": "buy"
  },
  {
    "id": "e9842e61-a7c3-41ff-b94f-05f52aebee4f",
    "market": "BTC-EUR",
    "timestamp": 1629031502402,
    "amount": "0.20786453",
    "price": "38929",
    "side": "buy"
  },
  {
    "id": "87614eb8-702d-4e49-8fb2-2389019a5909",
    "market": "BTC-EUR",
    "timestamp": 1629031501348,
    "amount": "0.00131546",
    "price": "38867",
    "side": "sell"
  },
  {
    "id": "9cb8a579-cce7-49d0-8284-7264394b02e1",
    "market": "BTC-EUR",
    "timestamp": 1629031499742,
    "amount": "1.50152499",
    "price": "38930",
    "side": "buy"
  },
  {
    "id": "feb431a2-ec33-435b-85e0-340915ff7eab",
    "market": "BTC-EUR",
    "timestamp": 1629031499737,
    "amount": "0.07572102",
    "price": "38922",
    "side": "buy"
  },
  {
    "id": "26439eb8-f922-45f7-b31d-db581b237ec3",
    "market": "BTC-EUR",
    "timestamp": 1629031499714,
    "amount": "0.03750243",
    "price": "38917",
    "side": "buy"
  },
  {
    "id": "c586b8f9-f312-4a12-bcbd-8d22e4645416",
    "market": "BTC-EUR",
    "timestamp": 1629031499709,
    "amount": "0.03601333",
    "price": "38917",
    "side": "buy"
  },
  {
    "id": "5312c2fd-01cb-4a49-89e3-8d4797244fd8",
    "market": "BTC-EUR",
    "timestamp": 1629031499558,
    "amount": "0.03750243",
    "price": "38917",
    "side": "buy"
  },
  {
    "id": "93368750-99ab-42c2-a295-0ff390138568",
    "market": "BTC-EUR",
    "timestamp": 1629031499552,
    "amount": "0.03601333",
    "price": "38913",
    "side": "buy"
  },
  {
    "id": "ce391a61-4dcf-4795-92f5-8d9d7379f126",
    "market": "BTC-EUR",
    "timestamp": 1629031499370,
    "amount": "0.05388347",
    "price": "38909",
    "side": "buy"
  },
  {
    "id": "ae71c98b-d7a6-4cd6-b41f-fa83af173e59",
    "market": "BTC-EUR",
    "timestamp": 1629031499362,
    "amount": "0.20555239",
    "price": "38906",
    "side": "buy"
  },
  {
    "id": "93baf683-8604-4dd0-8d56-9186555268dd",
    "market": "BTC-EUR",
    "timestamp": 1629031499355,
    "amount": "0.01628661",
    "price": "38905",
    "side": "buy"
  },
  {
    "id": "48b945c2-1495-4d82-87bb-a5dc7345facc",
    "market": "BTC-EUR",
    "timestamp": 1629031495147,
    "amount": "0.00059339",
    "price": "38899",
    "side": "buy"
  },
  {
    "id": "615c6c31-7878-4ab3-acb5-3cb4de89d4f4",
    "market": "BTC-EUR",
    "timestamp": 1629031493495,
    "amount": "0.00256481",
    "price": "38892",
    "side": "buy"
  },
  {
    "id": "66e0a89e-406e-494d-b982-a6bd87e72c53",
    "market": "BTC-EUR",
    "timestamp": 1629031491382,
    "amount": "0.00012824",
    "price": "38892",
    "side": "buy"
  },
  {
    "id": "db6867bf-ef7f-4456-abea-613313720a84",
    "market": "BTC-EUR",
    "timestamp": 1629031480271,
    "amount": "0.00012826",
    "price": "38885",
    "side": "buy"
  },
  {
    "id": "71d56d46-ff4e-4f08-a4cb-bf7e1d26b648",
    "market": "BTC-EUR",
    "timestamp": 1629031474597,
    "amount": "0.00386959",
    "price": "38861",
    "side": "sell"
  },
  {
    "id": "d7724400-690c-4134-9cc4-5e423a3eb6b6",
    "market": "BTC-EUR",
    "timestamp": 1629031470542,
    "amount": "0.00025",
    "price": "38883",
    "side": "buy"
  },
  {
    "id": "ca7827d3-6207-4d55-bd1c-49ce48af4b27",
    "market": "BTC-EUR",
    "timestamp": 1629031457401,
    "amount": "0.0012822",
    "price": "38898",
    "side": "buy"
  },
  {
    "id": "0d361373-4ac7-41e0-b41e-9be617c18d9f",
    "market": "BTC-EUR",
    "timestamp": 1629031448671,
    "amount": "0.00012822",
    "price": "38898",
    "side": "buy"
  },
  {
    "id": "87c1e0e0-051d-4228-a2e4-c0a06684f9d6",
    "market": "BTC-EUR",
    "timestamp": 1629031448256,
    "amount": "0.00512883",
    "price": "38898",
    "side": "buy"
  },
  {
    "id": "55c58512-860e-4fcc-82ac-7be261bc2f9b",
    "market": "BTC-EUR",
    "timestamp": 1629031444412,
    "amount": "0.00218831",
    "price": "38911",
    "side": "buy"
  },
  {
    "id": "11b70ee3-d4ca-4a09-8947-efe03efb5a04",
    "market": "BTC-EUR",
    "timestamp": 1629031444407,
    "amount": "0.01",
    "price": "38905",
    "side": "buy"
  },
  {
    "id": "f69d84dd-f76e-4d96-abc2-e86ff68b5634",
    "market": "BTC-EUR",
    "timestamp": 1629031444401,
    "amount": "0.01346393",
    "price": "38904",
    "side": "buy"
  },
  {
    "id": "9be4a195-91ec-419d-a62d-cf303e63a9a2",
    "market": "BTC-EUR",
    "timestamp": 1629031443899,
    "amount": "0.000641",
    "price": "38904",
    "side": "buy"
  },
  {
    "id": "61abfd2c-5cb4-48c7-837a-b95d7bdee9de",
    "market": "BTC-EUR",
    "timestamp": 1629031441206,
    "amount": "0.00256401",
    "price": "38904",
    "side": "buy"
  },
  {
    "id": "824ad445-5c92-4614-b9a7-f03f7f327c75",
    "market": "BTC-EUR",
    "timestamp": 1629031435559,
    "amount": "0.00077517",
    "price": "38877",
    "side": "sell"
  },
  {
    "id": "e66a3fed-e204-4c78-b3ab-f39b2bc5d10e",
    "market": "BTC-EUR",
    "timestamp": 1629031432638,
    "amount": "0.00021106",
    "price": "38896",
    "side": "buy"
  },
  {
    "id": "af2f6599-8418-4e35-9e69-b820c4251598",
    "market": "BTC-EUR",
    "timestamp": 1629031432632,
    "amount": "0.00126342",
    "price": "38895",
    "side": "buy"
  },
  {
    "id": "f75cc3ef-b8b5-47e4-a3f6-af87e057a400",
    "market": "BTC-EUR",
    "timestamp": 1629031428475,
    "amount": "0.00126342",
    "price": "38881",
    "side": "sell"
  },
  {
    "id": "bd7d4c70-b2c4-4027-91a1-54a954dbfac6",
    "market": "BTC-EUR",
    "timestamp": 1629031369191,
    "amount": "0.00841541",
    "price": "38937",
    "side": "buy"
  },
  {
    "id": "6df89a9d-0bc9-4876-9e58-19f0f76537c1",
    "market": "BTC-EUR",
    "timestamp": 1629031369182,
    "amount": "0.00034605",
    "price": "38931",
    "side": "buy"
  },
  {
    "id": "7455eb4c-546b-44ee-8236-603f5f4e0ec8",
    "market": "BTC-EUR",
    "timestamp": 1629031369176,
    "amount": "0.01686",
    "price": "38930",
    "side": "buy"
  },
  {
    "id": "6630ce40-866e-4b88-b865-d1340691e029",
    "market": "BTC-EUR",
    "timestamp": 1629031366839,
    "amount": "0.00034605",
    "price": "38911",
    "side": "sell"
  },
  {
    "id": "101985ad-556e-49c5-80be-bc048cb2fd3f",
    "market": "BTC-EUR",
    "timestamp": 1629031347545,
    "amount": "0.00179412",
    "price": "38919",
    "side": "buy"
  },
  {
    "id": "0b691bcd-be62-4d01-a745-d05f2be03c44",
    "market": "BTC-EUR",
    "timestamp": 1629031340060,
    "amount": "0.0038961",
    "price": "38916",
    "side": "buy"
  },
  {
    "id": "4637c148-f9b3-4d98-a4c4-501d95792d73",
    "market": "BTC-EUR",
    "timestamp": 1629031335961,
    "amount": "0.00128161",
    "price": "38916",
    "side": "buy"
  },
  {
    "id": "49054c0f-1035-453b-87cb-7fa23783ed22",
    "market": "BTC-EUR",
    "timestamp": 1629031331169,
    "amount": "0.00032045",
    "price": "38910",
    "side": "buy"
  },
  {
    "id": "74a2e4c2-cec1-4aae-8ea2-f2c5243cd1c0",
    "market": "BTC-EUR",
    "timestamp": 1629031328916,
    "amount": "0.00215805",
    "price": "38910",
    "side": "buy"
  },
  {
    "id": "12ab5c78-8f6b-4a25-8eef-23801d1d4522",
    "market": "BTC-EUR",
    "timestamp": 1629031324169,
    "amount": "0.01025555",
    "price": "38906",
    "side": "buy"
  },
  {
    "id": "93c1d55b-e8b2-4011-8f26-1747ec54d0e6",
    "market": "BTC-EUR",
    "timestamp": 1629031318953,
    "amount": "0.00064097",
    "price": "38906",
    "side": "buy"
  },
  {
    "id": "1efb1a11-7087-445d-94f0-190ad31e2531",
    "market": "BTC-EUR",
    "timestamp": 1629031301673,
    "amount": "0.03475327",
    "price": "38914",
    "side": "buy"
  },
  {
    "id": "1c07d648-72ff-49ba-aa86-7f2194857914",
    "market": "BTC-EUR",
    "timestamp": 1629031301669,
    "amount": "0.00128277",
    "price": "38900",
    "side": "buy"
  },
  {
    "id": "7a8f9b7c-018e-426a-9432-10957eb86256",
    "market": "BTC-EUR",
    "timestamp": 1629031301659,
    "amount": "0.01688",
    "price": "38893",
    "side": "buy"
  },
  {
    "id": "57809c31-8db0-4953-b96c-e29e7bf241de",
    "market": "BTC-EUR",
    "timestamp": 1629031301652,
    "amount": "0.03683515",
    "price": "38892",
    "side": "buy"
  },
  {
    "id": "cb30968a-e774-474e-b5c6-62383e4be724",
    "market": "BTC-EUR",
    "timestamp": 1629031300768,
    "amount": "0.00370544",
    "price": "38877",
    "side": "sell"
  },
  {
    "id": "9cbd591c-6b08-4b38-bb5e-a576d7f7e5a9",
    "market": "BTC-EUR",
    "timestamp": 1629031296311,
    "amount": "0.00012896",
    "price": "38870",
    "side": "sell"
  },
  {
    "id": "f759dfd2-ba30-4ab9-bb02-cc1660b20086",
    "market": "BTC-EUR",
    "timestamp": 1629031295736,
    "amount": "0.01283098",
    "price": "38871",
    "side": "buy"
  },
  {
    "id": "e8a7eb1b-d53e-4f7b-ab79-78cac952ddb5",
    "market": "BTC-EUR",
    "timestamp": 1629031290543,
    "amount": "0.00295089",
    "price": "38874",
    "side": "buy"
  },
  {
    "id": "579502b3-d00a-4bed-af3c-acf38eaae537",
    "market": "BTC-EUR",
    "timestamp": 1629031289030,
    "amount": "0.00257571",
    "price": "38871",
    "side": "sell"
  },
  {
    "id": "168c8e72-cc65-47ad-94ef-ed60481c7e3b",
    "market": "BTC-EUR",
    "timestamp": 1629031280914,
    "amount": "0.0012825",
    "price": "38889",
    "side": "buy"
  },
  {
    "id": "aed0cca1-f781-4564-a3c1-9ea731479344",
    "market": "BTC-EUR",
    "timestamp": 1629031275929,
    "amount": "0.00002771",
    "price": "38890",
    "side": "buy"
  },
  {
    "id": "b0314660-a4c9-43ca-b406-0c9f1898dfff",
    "market": "BTC-EUR",
    "timestamp": 1629031274141,
    "amount": "0.00038468",
    "price": "38896",
    "side": "buy"
  },
  {
    "id": "b34118df-34db-4f6d-8b31-0678b4a2b741",
    "market": "BTC-EUR",
    "timestamp": 1629031272860,
    "amount": "0.00002791",
    "price": "38867",
    "side": "sell"
  },
  {
    "id": "5c8efe65-24e5-4de8-8211-60bfcfe7cd1c",
    "market": "BTC-EUR",
    "timestamp": 1629031272075,
    "amount": "0.10052974",
    "price": "38866",
    "side": "sell"
  },
  {
    "id": "13be3a1b-a0e1-48fc-b91e-91e16a454998",
    "market": "BTC-EUR",
    "timestamp": 1629031267046,
    "amount": "0.01288733",
    "price": "38860",
    "side": "sell"
  },
  {
    "id": "6002e349-009a-4470-afb0-ec06d1c8c524",
    "market": "BTC-EUR",
    "timestamp": 1629031257807,
    "amount": "0.02053241",
    "price": "38854",
    "side": "sell"
  },
  {
    "id": "f0902fda-1eb6-4db0-85e8-231b6034fec1",
    "market": "BTC-EUR",
    "timestamp": 1629031257801,
    "amount": "0.01558983",
    "price": "38855",
    "side": "sell"
  },
  {
    "id": "742ddf68-f104-4b93-87c6-8186cc626e4d",
    "market": "BTC-EUR",
    "timestamp": 1629031250031,
    "amount": "0.00012828",
    "price": "38879",
    "side": "buy"
  },
  {
    "id": "eb702742-dced-44bf-84c2-37e1d8fbbc2b",
    "market": "BTC-EUR",
    "timestamp": 1629031245284,
    "amount": "0.00012828",
    "price": "38879",
    "side": "buy"
  },
  {
    "id": "cc1a193c-d51f-4a67-9901-be92d762fd53",
    "market": "BTC-EUR",
    "timestamp": 1629031243935,
    "amount": "0.00129017",
    "price": "38852",
    "side": "sell"
  },
  {
    "id": "cd8fd789-5b53-4268-9832-b81a90b146d3",
    "market": "BTC-EUR",
    "timestamp": 1629031243156,
    "amount": "0.00980894",
    "price": "38852",
    "side": "sell"
  },
  {
    "id": "0ce765d5-8c49-40d3-8724-3124739afeef",
    "market": "BTC-EUR",
    "timestamp": 1629031243151,
    "amount": "0.000056",
    "price": "38874",
    "side": "sell"
  },
  {
    "id": "0fb45b1f-a0da-4b18-93e1-9782204b4410",
    "market": "BTC-EUR",
    "timestamp": 1629031238096,
    "amount": "0.00012828",
    "price": "38879",
    "side": "buy"
  },
  {
    "id": "71ff839f-d0bf-47f0-83ce-29db9b468416",
    "market": "BTC-EUR",
    "timestamp": 1629031233842,
    "amount": "0.0025141",
    "price": "38874",
    "side": "sell"
  },
  {
    "id": "87a81767-6089-4066-9274-9e451fe5035f",
    "market": "BTC-EUR",
    "timestamp": 1629031230368,
    "amount": "0.00141093",
    "price": "38884",
    "side": "buy"
  },
  {
    "id": "7968cdd4-6141-4d3d-9167-acdd9f764679",
    "market": "BTC-EUR",
    "timestamp": 1629031222262,
    "amount": "0.00513067",
    "price": "38884",
    "side": "buy"
  },
  {
    "id": "759cf5a3-9317-4793-8b9c-2d04f5cf2b8a",
    "market": "BTC-EUR",
    "timestamp": 1629031220816,
    "amount": "0.00012826",
    "price": "38884",
    "side": "buy"
  },
  {
    "id": "315f412f-a206-41c2-9f53-fcdd17961918",
    "market": "BTC-EUR",
    "timestamp": 1629031218985,
    "amount": "0.01026135",
    "price": "38884",
    "side": "buy"
  },
  {
    "id": "9f39d731-4774-4473-b5a3-80da3e61d890",
    "market": "BTC-EUR",
    "timestamp": 1629031209444,
    "amount": "0.002476",
    "price": "38875",
    "side": "sell"
  },
  {
    "id": "37aefd82-074c-4b15-a8a3-3c8bf8b2abff",
    "market": "BTC-EUR",
    "timestamp": 1629031206438,
    "amount": "0.00256362",
    "price": "38910",
    "side": "buy"
  },
  {
    "id": "e0f5384c-1f5a-438f-96db-2ea0410b33fb",
    "market": "BTC-EUR",
    "timestamp": 1629031195727,
    "amount": "0.00012888",
    "price": "38875",
    "side": "sell"
  },
  {
    "id": "c672a7bc-ac27-4001-9a53-babee81a6a5d",
    "market": "BTC-EUR",
    "timestamp": 1629031192945,
    "amount": "0.02566953",
    "price": "38910",
    "side": "buy"
  },
  {
    "id": "0bd123bd-e7b1-4b11-b371-7db62edcf089",
    "market": "BTC-EUR",
    "timestamp": 1629031191678,
    "amount": "0.02563624",
    "price": "38910",
    "side": "buy"
  },
  {
    "id": "b16ea990-d644-4a5b-9573-ee362871867d",
    "market": "BTC-EUR",
    "timestamp": 1629031171844,
    "amount": "0.00051272",
    "price": "38910",
    "side": "buy"
  },
  {
    "id": "a270d9a7-0303-4f8a-8f2d-7c0d367db7b2",
    "market": "BTC-EUR",
    "timestamp": 1629031171466,
    "amount": "0.0006409",
    "price": "38910",
    "side": "buy"
  },
  {
    "id": "7e794466-b369-40b1-8695-89ec28f3ea58",
    "market": "BTC-EUR",
    "timestamp": 1629031162096,
    "amount": "0.01289398",
    "price": "38875",
    "side": "sell"
  },
  {
    "id": "fabd96f2-0539-46d0-af9f-baee55125da0",
    "market": "BTC-EUR",
    "timestamp": 1629031161501,
    "amount": "0.00143965",
    "price": "38873",
    "side": "sell"
  },
  {
    "id": "e6a13fe2-e519-469c-9efa-2fd189771cca",
    "market": "BTC-EUR",
    "timestamp": 1629031161494,
    "amount": "0.00242743",
    "price": "38894",
    "side": "sell"
  },
  {
    "id": "3591e3ba-01f1-48e5-9174-28d4b25a1e72",
    "market": "BTC-EUR",
    "timestamp": 1629031154298,
    "amount": "0.00128874",
    "price": "38895",
    "side": "sell"
  },
  {
    "id": "2b2d9a63-c9cb-43a2-9216-c18f92a0b85e",
    "market": "BTC-EUR",
    "timestamp": 1629031134306,
    "amount": "0.0514836",
    "price": "38894",
    "side": "sell"
  },
  {
    "id": "d4504239-89ee-4377-9278-8a17fc0eccf4",
    "market": "BTC-EUR",
    "timestamp": 1629031126070,
    "amount": "0.0012823",
    "price": "38895",
    "side": "buy"
  },
  {
    "id": "bdccef95-20aa-4fcd-9ce6-1f3c232ae8d7",
    "market": "BTC-EUR",
    "timestamp": 1629031116992,
    "amount": "0.0012823",
    "price": "38895",
    "side": "buy"
  },
  {
    "id": "6aa813b0-c046-4e0d-9de5-6cdbee78b04c",
    "market": "BTC-EUR",
    "timestamp": 1629031108180,
    "amount": "0.00017311",
    "price": "38895",
    "side": "buy"
  },
  {
    "id": "6fe0f306-81d9-4e64-b530-70470faf699a",
    "market": "BTC-EUR",
    "timestamp": 1629031105969,
    "amount": "0.00769383",
    "price": "38895",
    "side": "buy"
  },
  {
    "id": "22a56968-46d7-468e-8e09-702ebb77c412",
    "market": "BTC-EUR",
    "timestamp": 1629031104037,
    "amount": "0.00136885",
    "price": "38894",
    "side": "sell"
  },
  {
    "id": "f3744310-59b4-4449-89fd-c5c6683b1444",
    "market": "BTC-EUR",
    "timestamp": 1629031091865,
    "amount": "0.00192345",
    "price": "38895",
    "side": "buy"
  },
  {
    "id": "91bb33b3-fa03-4ffa-afb2-d3e03a848a3f",
    "market": "BTC-EUR",
    "timestamp": 1629031087008,
    "amount": "0.00025496",
    "price": "38894",
    "side": "sell"
  },
  {
    "id": "6bb2708b-2e20-4850-9c47-258a884f1d9e",
    "market": "BTC-EUR",
    "timestamp": 1629031074899,
    "amount": "0.0128709",
    "price": "38894",
    "side": "sell"
  },
  {
    "id": "3c762a12-fbfd-4250-a45b-c2d988649a7c",
    "market": "BTC-EUR",
    "timestamp": 1629031065873,
    "amount": "0.00591024",
    "price": "38894",
    "side": "sell"
  },
  {
    "id": "99d2f6e6-a721-4163-8b03-9b5744eba0d4",
    "market": "BTC-EUR",
    "timestamp": 1629031061745,
    "amount": "0.00256461",
    "price": "38895",
    "side": "buy"
  },
  {
    "id": "1ad065c2-0ea9-4921-9e7d-b744fbffaf06",
    "market": "BTC-EUR",
    "timestamp": 1629031059435,
    "amount": "0.02568402",
    "price": "38894",
    "side": "sell"
  },
  {
    "id": "a5810423-fcf8-43f6-b56b-b51d0a2273d8",
    "market": "BTC-EUR",
    "timestamp": 1629031047423,
    "amount": "0.00064064",
    "price": "38926",
    "side": "buy"
  },
  {
    "id": "19434413-9b99-4254-af31-6fa8d60ea78b",
    "market": "BTC-EUR",
    "timestamp": 1629031037973,
    "amount": "0.00125565",
    "price": "38926",
    "side": "buy"
  },
  {
    "id": "7f3caa9f-0d56-4d80-9b0b-c428f507e9ec",
    "market": "BTC-EUR",
    "timestamp": 1629031031003,
    "amount": "0.00012332",
    "price": "38926",
    "side": "buy"
  },
  {
    "id": "58869015-35ce-43a4-93f2-3271fea77696",
    "market": "BTC-EUR",
    "timestamp": 1629031030406,
    "amount": "0.00012812",
    "price": "38926",
    "side": "buy"
  },
  {
    "id": "6d103e71-5bab-4db1-8161-3390f0cb6811",
    "market": "BTC-EUR",
    "timestamp": 1629031024652,
    "amount": "0.10221664",
    "price": "38895",
    "side": "sell"
  },
  {
    "id": "279ffc69-3c28-4c2a-88de-81d2cedc30a6",
    "market": "BTC-EUR",
    "timestamp": 1629031024644,
    "amount": "0.01687",
    "price": "38895",
    "side": "sell"
  },
  {
    "id": "1ad03dbe-f1b2-4ecd-bb98-41b5c79e8ea0",
    "market": "BTC-EUR",
    "timestamp": 1629031020545,
    "amount": "0.00512435",
    "price": "38932",
    "side": "buy"
  },
  {
    "id": "45ec90fa-1414-4396-be7c-56972142dd3c",
    "market": "BTC-EUR",
    "timestamp": 1629031019451,
    "amount": "0.00051243",
    "price": "38932",
    "side": "buy"
  },
  {
    "id": "07477bf6-5ac1-4a69-87ee-19ff71f939b4",
    "market": "BTC-EUR",
    "timestamp": 1629031016154,
    "amount": "0.00752673",
    "price": "38900",
    "side": "sell"
  },
  {
    "id": "a2d2d69a-939a-44e7-9c44-6db54775bd8f",
    "market": "BTC-EUR",
    "timestamp": 1629031014988,
    "amount": "0.00012803",
    "price": "38953",
    "side": "buy"
  },
  {
    "id": "b9d74083-48ee-43e9-acb4-f56a0ec12cbc",
    "market": "BTC-EUR",
    "timestamp": 1629031004735,
    "amount": "0.00225456",
    "price": "38939",
    "side": "buy"
  },
  {
    "id": "19c5a7a7-ce1d-4675-aa3e-c556d76a7f5f",
    "market": "BTC-EUR",
    "timestamp": 1629031004721,
    "amount": "0.00030694",
    "price": "38939",
    "side": "buy"
  },
  {
    "id": "aa7521d2-246d-4375-ae31-2eaf5232944f",
    "market": "BTC-EUR",
    "timestamp": 1629030992014,
    "amount": "0.00371031",
    "price": "38889",
    "side": "sell"
  },
  {
    "id": "81f6092a-89e9-4786-83b0-c513495b6699",
    "market": "BTC-EUR",
    "timestamp": 1629030987500,
    "amount": "0.01547357",
    "price": "38873",
    "side": "sell"
  },
  {
    "id": "3b27be3f-6bd6-4f86-ad00-c165219572d6",
    "market": "BTC-EUR",
    "timestamp": 1629030970163,
    "amount": "0.00384247",
    "price": "38940",
    "side": "buy"
  },
  {
    "id": "42a1878a-37f4-4956-b2f9-b6c8735410f4",
    "market": "BTC-EUR",
    "timestamp": 1629030956554,
    "amount": "0.01286627",
    "price": "38908",
    "side": "sell"
  },
  {
    "id": "dc555f3a-7458-4faf-af7f-55cfd2b626ee",
    "market": "BTC-EUR",
    "timestamp": 1629030940616,
    "amount": "0.00012806",
    "price": "38944",
    "side": "buy"
  },
  {
    "id": "256f416a-4fe3-4844-b564-a2abd2741c24",
    "market": "BTC-EUR",
    "timestamp": 1629030939951,
    "amount": "0.00030694",
    "price": "38907",
    "side": "sell"
  },
  {
    "id": "9fe8955e-0d8f-4c17-bb09-4521ffbfc786",
    "market": "BTC-EUR",
    "timestamp": 1629030935702,
    "amount": "0.00400114",
    "price": "38944",
    "side": "buy"
  },
  {
    "id": "55cf052a-b79a-4eca-bd7f-345844dcfeaa",
    "market": "BTC-EUR",
    "timestamp": 1629030908513,
    "amount": "0.17903082",
    "price": "38871",
    "side": "buy"
  },
  {
    "id": "fa882df2-91d9-4f6c-a760-08dd2dac8d70",
    "market": "BTC-EUR",
    "timestamp": 1629030907086,
    "amount": "0.00001119",
    "price": "38870",
    "side": "sell"
  },
  {
    "id": "5024d1fa-c4bd-4946-9ffa-f95cddb562a6",
    "market": "BTC-EUR",
    "timestamp": 1629030906872,
    "amount": "0.00025661",
    "price": "38871",
    "side": "buy"
  },
  {
    "id": "8e27cab3-c371-486b-921f-20f0758f1a74",
    "market": "BTC-EUR",
    "timestamp": 1629030903818,
    "amount": "0.00257913",
    "price": "38870",
    "side": "sell"
  },
  {
    "id": "53c69f1b-c25d-409e-8df6-c29e3358ef57",
    "market": "BTC-EUR",
    "timestamp": 1629030903648,
    "amount": "0.00032072",
    "price": "38877",
    "side": "buy"
  },
  {
    "id": "72d14aeb-fb94-4856-9522-65dd7739e623",
    "market": "BTC-EUR",
    "timestamp": 1629030902819,
    "amount": "0.01254465",
    "price": "38869",
    "side": "sell"
  },
  {
    "id": "b1c055ab-4eb7-49a9-a304-0792a1444f11",
    "market": "BTC-EUR",
    "timestamp": 1629030902812,
    "amount": "0.01670866",
    "price": "38870",
    "side": "sell"
  },
  {
    "id": "f54b4fad-38cd-4b2a-ad3e-45fe072f73bf",
    "market": "BTC-EUR",
    "timestamp": 1629030900193,
    "amount": "0.00016134",
    "price": "38874",
    "side": "sell"
  },
  {
    "id": "2a6e6126-a666-49c2-8ae3-0fc770306307",
    "market": "BTC-EUR",
    "timestamp": 1629030891966,
    "amount": "0.01480988",
    "price": "38861",
    "side": "sell"
  },
  {
    "id": "82ad7142-9502-47e7-b6e1-9eb47cf4885c",
    "market": "BTC-EUR",
    "timestamp": 1629030891957,
    "amount": "0.00999578",
    "price": "38900",
    "side": "sell"
  },
  {
    "id": "0ff5df6e-8812-4715-b19e-32dfc18d857f",
    "market": "BTC-EUR",
    "timestamp": 1629030878091,
    "amount": "0.00012389",
    "price": "38900",
    "side": "sell"
  },
  {
    "id": "7c863ae3-f909-4ad5-9ca8-6fceae1dc7b1",
    "market": "BTC-EUR",
    "timestamp": 1629030863157,
    "amount": "0.00110817",
    "price": "38900",
    "side": "sell"
  },
  {
    "id": "785d0faa-32ae-4825-9702-7b2e150e8bc5",
    "market": "BTC-EUR",
    "timestamp": 1629030860350,
    "amount": "0.00123517",
    "price": "38900",
    "side": "sell"
  },
  {
    "id": "6d5836c1-ba56-4cb6-bcac-c253d65a30c7",
    "market": "BTC-EUR",
    "timestamp": 1629030853638,
    "amount": "0.00128857",
    "price": "38900",
    "side": "sell"
  },
  {
    "id": "3898bbed-5ac2-4953-b59b-06a48feb5479",
    "market": "BTC-EUR",
    "timestamp": 1629030839455,
    "amount": "0.00038459",
    "price": "38905",
    "side": "buy"
  },
  {
    "id": "9649fcd6-aa72-4547-a145-4e0a5706c01d",
    "market": "BTC-EUR",
    "timestamp": 1629030837090,
    "amount": "0.00127512",
    "price": "38900",
    "side": "sell"
  },
  {
    "id": "694b7ef8-0009-4e17-91de-4b9a9be057b9",
    "market": "BTC-EUR",
    "timestamp": 1629030828289,
    "amount": "0.00384454",
    "price": "38919",
    "side": "buy"
  },
  {
    "id": "914dd023-f13c-4641-8e7f-e7ed15571a83",
    "market": "BTC-EUR",
    "timestamp": 1629030828051,
    "amount": "0.0002563",
    "price": "38919",
    "side": "buy"
  },
  {
    "id": "e8911e60-f9da-448b-a0cb-50e586a455f3",
    "market": "BTC-EUR",
    "timestamp": 1629030811983,
    "amount": "0.00256224",
    "price": "38931",
    "side": "buy"
  },
  {
    "id": "e2381961-c420-4471-9bcb-e09bbb16c9b1",
    "market": "BTC-EUR",
    "timestamp": 1629030811725,
    "amount": "0.0001281",
    "price": "38932",
    "side": "buy"
  },
  {
    "id": "f27cb2d8-fbaf-4cc4-ba50-0d9e080c8e1e",
    "market": "BTC-EUR",
    "timestamp": 1629030808066,
    "amount": "0.00724638",
    "price": "38915",
    "side": "sell"
  },
  {
    "id": "21a56750-2332-43d5-85c8-4f8fcf4fb7ad",
    "market": "BTC-EUR",
    "timestamp": 1629030801569,
    "amount": "0.03739431",
    "price": "38946",
    "side": "buy"
  },
  {
    "id": "09e7df28-321e-4188-99a2-d4a30776ae3a",
    "market": "BTC-EUR",
    "timestamp": 1629030801563,
    "amount": "0.01383111",
    "price": "38945",
    "side": "buy"
  },
  {
    "id": "4db25dfd-03c4-464e-8bce-3125e2d8ed57",
    "market": "BTC-EUR",
    "timestamp": 1629030766540,
    "amount": "0.00046751",
    "price": "38939",
    "side": "buy"
  },
  {
    "id": "e3be5ee8-c9fd-43a3-bfcd-568b24805974",
    "market": "BTC-EUR",
    "timestamp": 1629030753608,
    "amount": "0.02563921",
    "price": "38956",
    "side": "buy"
  },
  {
    "id": "3c046b0d-008a-48bc-9eb1-4aae5252e147",
    "market": "BTC-EUR",
    "timestamp": 1629030729609,
    "amount": "0.00012342",
    "price": "38901",
    "side": "sell"
  },
  {
    "id": "35e53d32-628c-49cd-9a6b-a81eb758f6ef",
    "market": "BTC-EUR",
    "timestamp": 1629030724311,
    "amount": "0.00090419",
    "price": "38954",
    "side": "buy"
  },
  {
    "id": "ad2011bd-0a6c-4eca-b0c7-294a8a2f23d9",
    "market": "BTC-EUR",
    "timestamp": 1629030721378,
    "amount": "0.00128854",
    "price": "38901",
    "side": "sell"
  },
  {
    "id": "958355b7-031c-4e28-97bb-7ee8b260ff68",
    "market": "BTC-EUR",
    "timestamp": 1629030705593,
    "amount": "0.00128066",
    "price": "38945",
    "side": "buy"
  },
  {
    "id": "5b2d8bbe-a49f-48cc-a525-3511f90ebbb0",
    "market": "BTC-EUR",
    "timestamp": 1629030700246,
    "amount": "0.00000051",
    "price": "38962",
    "side": "buy"
  },
  {
    "id": "d9ac1014-5610-49e6-8b11-86402d2d7eab",
    "market": "BTC-EUR",
    "timestamp": 1629030696019,
    "amount": "0.01286859",
    "price": "38901",
    "side": "sell"
  },
  {
    "id": "f179d203-346d-4333-a624-ec64e60408f3",
    "market": "BTC-EUR",
    "timestamp": 1629030695776,
    "amount": "0.00071722",
    "price": "38942",
    "side": "buy"
  },
  {
    "id": "0d67568e-964d-4c5d-b220-ec0707cc2dc6",
    "market": "BTC-EUR",
    "timestamp": 1629030694839,
    "amount": "0.00146",
    "price": "38901",
    "side": "sell"
  },
  {
    "id": "731bf699-7c88-4f6a-ba34-b004f45251db",
    "market": "BTC-EUR",
    "timestamp": 1629030688722,
    "amount": "0.00128138",
    "price": "38923",
    "side": "buy"
  },
  {
    "id": "e5d43d34-71ba-41f8-8d01-ac773f659f3c",
    "market": "BTC-EUR",
    "timestamp": 1629030683426,
    "amount": "0.00128016",
    "price": "38960",
    "side": "buy"
  },
  {
    "id": "915bc2ff-136a-4101-938f-741cf19d2e74",
    "market": "BTC-EUR",
    "timestamp": 1629030668863,
    "amount": "0.00256138",
    "price": "38944",
    "side": "buy"
  },
  {
    "id": "aafc2efa-b964-43e4-bddd-6a270749adf8",
    "market": "BTC-EUR",
    "timestamp": 1629030663509,
    "amount": "0.0125778",
    "price": "38906",
    "side": "sell"
  },
  {
    "id": "c03506a1-4e46-4249-a53f-0a886477df1c",
    "market": "BTC-EUR",
    "timestamp": 1629030648943,
    "amount": "0.1",
    "price": "38929",
    "side": "sell"
  },
  {
    "id": "c7f9e4c6-a964-46a1-898e-9e138cf1225f",
    "market": "BTC-EUR",
    "timestamp": 1629030619057,
    "amount": "0.00012801",
    "price": "38962",
    "side": "buy"
  },
  {
    "id": "1d9dcb02-ff80-4727-9bd1-636a30f2664b",
    "market": "BTC-EUR",
    "timestamp": 1629030618769,
    "amount": "0.00383922",
    "price": "38973",
    "side": "buy"
  },
  {
    "id": "5bf15829-d136-41af-a8e0-d612e881f748",
    "market": "BTC-EUR",
    "timestamp": 1629030617466,
    "amount": "0.00383912",
    "price": "38974",
    "side": "buy"
  },
  {
    "id": "895513b8-d57f-4116-8063-920077cf39fd",
    "market": "BTC-EUR",
    "timestamp": 1629030615653,
    "amount": "0.08551848",
    "price": "38981",
    "side": "buy"
  },
  {
    "id": "8bfc8f81-135d-48a7-a8f1-ec359899ad8a",
    "market": "BTC-EUR",
    "timestamp": 1629030615648,
    "amount": "0.01684",
    "price": "38980",
    "side": "buy"
  },
  {
    "id": "22666477-49f9-46a8-a473-59304c14b17f",
    "market": "BTC-EUR",
    "timestamp": 1629030611354,
    "amount": "0.00038395",
    "price": "38970",
    "side": "buy"
  },
  {
    "id": "c983c2c9-e3a8-41de-a8bc-46dfc0fadb35",
    "market": "BTC-EUR",
    "timestamp": 1629030611338,
    "amount": "0.00063991",
    "price": "38970",
    "side": "buy"
  },
  {
    "id": "a2b74721-f253-43ae-ae0a-61fad94140d9",
    "market": "BTC-EUR",
    "timestamp": 1629030605503,
    "amount": "0.00873373",
    "price": "38953",
    "side": "sell"
  },
  {
    "id": "6d06d569-4105-4e87-8925-1b92fe887472",
    "market": "BTC-EUR",
    "timestamp": 1629030582133,
    "amount": "0.23380321",
    "price": "38958",
    "side": "sell"
  },
  {
    "id": "53684c47-a040-4dd9-bf4d-9dafbe152d25",
    "market": "BTC-EUR",
    "timestamp": 1629030582119,
    "amount": "0.01619679",
    "price": "38959",
    "side": "sell"
  },
  {
    "id": "8c10c915-d153-4944-a0a3-b58911ecac2f",
    "market": "BTC-EUR",
    "timestamp": 1629030581693,
    "amount": "0.00002353",
    "price": "38986",
    "side": "buy"
  },
  {
    "id": "1cf46f6e-ff64-4cd3-9b07-7176d459e6a5",
    "market": "BTC-EUR",
    "timestamp": 1629030580269,
    "amount": "0.00035817",
    "price": "38990",
    "side": "buy"
  },
  {
    "id": "0d81c052-c3d2-468d-a06b-37e4ccdda8c5",
    "market": "BTC-EUR",
    "timestamp": 1629030574875,
    "amount": "0.0248302",
    "price": "38990",
    "side": "buy"
  },
  {
    "id": "2443968c-068b-43ad-9b4d-5955d17db563",
    "market": "BTC-EUR",
    "timestamp": 1629030574869,
    "amount": "0.05192584",
    "price": "38986",
    "side": "buy"
  },
  {
    "id": "822bb35f-e503-44a4-b94b-4d9bdd342090",
    "market": "BTC-EUR",
    "timestamp": 1629030573452,
    "amount": "0.00185091",
    "price": "38986",
    "side": "buy"
  },
  {
    "id": "814e47a9-ef15-470d-94c3-20c1aa5148db",
    "market": "BTC-EUR",
    "timestamp": 1629030573446,
    "amount": "0.00031989",
    "price": "38985",
    "side": "buy"
  },
  {
    "id": "182ae5e2-5363-4c46-a8f0-5b9489614cb9",
    "market": "BTC-EUR",
    "timestamp": 1629030573438,
    "amount": "0.00038778",
    "price": "38976",
    "side": "buy"
  },
  {
    "id": "d02cbafd-dec4-4d12-8003-79cc7d1bff5e",
    "market": "BTC-EUR",
    "timestamp": 1629030569679,
    "amount": "0.00012796",
    "price": "38976",
    "side": "buy"
  },
  {
    "id": "69c8d62f-9c62-4b63-b5bc-464cf1e771b3",
    "market": "BTC-EUR",
    "timestamp": 1629030564273,
    "amount": "0.00012796",
    "price": "38976",
    "side": "buy"
  },
  {
    "id": "fd50aa83-6c8d-4a3b-b87b-caa2ebe05c74",
    "market": "BTC-EUR",
    "timestamp": 1629030561953,
    "amount": "0.00064321",
    "price": "38965",
    "side": "sell"
  },
  {
    "id": "96fadc4f-6c92-4d9e-b45d-d33407911219",
    "market": "BTC-EUR",
    "timestamp": 1629030559129,
    "amount": "0.00019301",
    "price": "38956",
    "side": "sell"
  },
  {
    "id": "7ac2f3cd-ff26-4e1e-b14d-6e2f37823337",
    "market": "BTC-EUR",
    "timestamp": 1629030555746,
    "amount": "0.06742179",
    "price": "39003",
    "side": "buy"
  },
  {
    "id": "8a51de8f-d2ff-4910-8fa2-280aa3721b2d",
    "market": "BTC-EUR",
    "timestamp": 1629030555738,
    "amount": "0.04695693",
    "price": "38999",
    "side": "buy"
  },
  {
    "id": "75282c95-6217-4520-9586-71fe8365d42f",
    "market": "BTC-EUR",
    "timestamp": 1629030555733,
    "amount": "0.07332155",
    "price": "38995",
    "side": "buy"
  },
  {
    "id": "98dd99a7-d43e-4e62-8abf-a09d5675e6ed",
    "market": "BTC-EUR",
    "timestamp": 1629030555728,
    "amount": "0.03743553",
    "price": "38987",
    "side": "buy"
  },
  {
    "id": "33851475-4a3a-44d9-bf6c-86dc34f83ed3",
    "market": "BTC-EUR",
    "timestamp": 1629030555723,
    "amount": "0.03594908",
    "price": "38982",
    "side": "buy"
  },
  {
    "id": "d61fdf49-351a-4730-86f6-f43eff46b0e7",
    "market": "BTC-EUR",
    "timestamp": 1629030555717,
    "amount": "0.05378724",
    "price": "38978",
    "side": "buy"
  },
  {
    "id": "2890e9a6-a547-4efc-b527-f73daa0995a5",
    "market": "BTC-EUR",
    "timestamp": 1629030555708,
    "amount": "0.19782227",
    "price": "38977",
    "side": "buy"
  },
  {
    "id": "f6c14b76-a1bc-40ea-9c95-4fd3cfba912c",
    "market": "BTC-EUR",
    "timestamp": 1629030550632,
    "amount": "0.00255921",
    "price": "38977",
    "side": "buy"
  },
  {
    "id": "f7bb56ad-723f-4d93-b85b-6e7d0af52d11",
    "market": "BTC-EUR",
    "timestamp": 1629030545093,
    "amount": "0.00002559",
    "price": "38979",
    "side": "buy"
  },
  {
    "id": "f7022b87-7ccc-42e6-9e53-47be42100980",
    "market": "BTC-EUR",
    "timestamp": 1629030531369,
    "amount": "0.00127947",
    "price": "38981",
    "side": "buy"
  },
  {
    "id": "e1e3e50b-302c-4014-a5b8-030da7c9c018",
    "market": "BTC-EUR",
    "timestamp": 1629030528692,
    "amount": "0.00012688",
    "price": "38954",
    "side": "sell"
  },
  {
    "id": "891d586c-8c9b-4fc6-a9ad-c0c07f1f02d6",
    "market": "BTC-EUR",
    "timestamp": 1629030526536,
    "amount": "0.00076766",
    "price": "38982",
    "side": "buy"
  },
  {
    "id": "e068c137-0107-45c8-95d2-cd723521c198",
    "market": "BTC-EUR",
    "timestamp": 1629030525704,
    "amount": "0.00511777",
    "price": "38982",
    "side": "buy"
  },
  {
    "id": "4a887685-6a32-4df2-8c99-c2dd2c37c78e",
    "market": "BTC-EUR",
    "timestamp": 1629030505521,
    "amount": "0.02557249",
    "price": "39007",
    "side": "buy"
  },
  {
    "id": "56f90d69-b5cf-4086-a164-418592edd41b",
    "market": "BTC-EUR",
    "timestamp": 1629030501389,
    "amount": "0.00205838",
    "price": "38963",
    "side": "sell"
  },
  {
    "id": "46c30b3f-6702-4a54-bba1-f5e8d2b9aad2",
    "market": "BTC-EUR",
    "timestamp": 1629030481949,
    "amount": "0.00064358",
    "price": "38943",
    "side": "sell"
  },
  {
    "id": "881f4b68-f8ef-45fa-86b5-a1f84582ab67",
    "market": "BTC-EUR",
    "timestamp": 1629030475770,
    "amount": "0.00391393",
    "price": "38933",
    "side": "sell"
  },
  {
    "id": "72549669-6e08-44d9-b83d-9a9d806e60b6",
    "market": "BTC-EUR",
    "timestamp": 1629030461705,
    "amount": "0.0025",
    "price": "38953",
    "side": "buy"
  },
  {
    "id": "36489c37-6f7a-4684-9126-cce03282cd01",
    "market": "BTC-EUR",
    "timestamp": 1629030461298,
    "amount": "0.00051215",
    "price": "38953",
    "side": "buy"
  },
  {
    "id": "ca50a11a-6f37-4590-b687-0cf17a7602e1",
    "market": "BTC-EUR",
    "timestamp": 1629030457936,
    "amount": "0.00128775",
    "price": "38925",
    "side": "sell"
  },
  {
    "id": "f6256d63-3dd2-40db-a8d2-41962bd8f369",
    "market": "BTC-EUR",
    "timestamp": 1629030453710,
    "amount": "0.00768198",
    "price": "38955",
    "side": "buy"
  },
  {
    "id": "b52a7d72-c9e8-4476-8b93-1b68834b72a3",
    "market": "BTC-EUR",
    "timestamp": 1629030449380,
    "amount": "0.08379233",
    "price": "38931",
    "side": "sell"
  },
  {
    "id": "10d15c83-4d66-4c22-be93-14a818ccabbd",
    "market": "BTC-EUR",
    "timestamp": 1629030426578,
    "amount": "0.00038422",
    "price": "38942",
    "side": "buy"
  },
  {
    "id": "28e1684e-f79e-4f78-82f8-f3cb7fac8ec2",
    "market": "BTC-EUR",
    "timestamp": 1629030411123,
    "amount": "0.00049155",
    "price": "38942",
    "side": "buy"
  },
  {
    "id": "fd97311e-46d1-49ad-925b-b8d1c2eea322",
    "market": "BTC-EUR",
    "timestamp": 1629030406085,
    "amount": "0.0235684",
    "price": "38910",
    "side": "sell"
  },
  {
    "id": "f1df7bee-89d2-463a-8c70-fead76c92794",
    "market": "BTC-EUR",
    "timestamp": 1629030406078,
    "amount": "0.00051",
    "price": "38925",
    "side": "sell"
  },
  {
    "id": "6e8cbe6f-2439-4976-9a8b-07d203d872c3",
    "market": "BTC-EUR",
    "timestamp": 1629030406071,
    "amount": "0.021",
    "price": "38928",
    "side": "sell"
  },
  {
    "id": "7951f201-3d93-4107-a5e4-205f413084bb",
    "market": "BTC-EUR",
    "timestamp": 1629030404148,
    "amount": "0.0283759",
    "price": "38940",
    "side": "buy"
  },
  {
    "id": "5de6f946-9c3e-404a-801f-ea35758ca7da",
    "market": "BTC-EUR",
    "timestamp": 1629030404140,
    "amount": "0.0014",
    "price": "38939",
    "side": "buy"
  },
  {
    "id": "cd9d574d-4ca2-4752-8d2f-ccf0333c5048",
    "market": "BTC-EUR",
    "timestamp": 1629030402102,
    "amount": "0.00117855",
    "price": "38942",
    "side": "buy"
  },
  {
    "id": "5c3910de-2e44-4877-92e6-b8431c070262",
    "market": "BTC-EUR",
    "timestamp": 1629030397722,
    "amount": "0.00140088",
    "price": "38929",
    "side": "sell"
  },
  {
    "id": "fe07df4b-d10b-4f69-978b-cd4bf957005d",
    "market": "BTC-EUR",
    "timestamp": 1629030385198,
    "amount": "0.02575218",
    "price": "38929",
    "side": "sell"
  },
  {
    "id": "f2960447-94b4-42b5-8cc5-fecea3586190",
    "market": "BTC-EUR",
    "timestamp": 1629030382124,
    "amount": "0.00255836",
    "price": "38990",
    "side": "buy"
  },
  {
    "id": "30319918-dde8-4ed4-ae97-5da558100185",
    "market": "BTC-EUR",
    "timestamp": 1629030381563,
    "amount": "0.1024307",
    "price": "38967",
    "side": "buy"
  },
  {
    "id": "cbea5cfb-1d05-4896-bdc9-5053dee67b86",
    "market": "BTC-EUR",
    "timestamp": 1629030381557,
    "amount": "0.01026",
    "price": "38966",
    "side": "buy"
  },
  {
    "id": "aa8f3404-5f25-4c03-b5c0-d086a3df798b",
    "market": "BTC-EUR",
    "timestamp": 1629030373024,
    "amount": "0.00768537",
    "price": "38939",
    "side": "sell"
  },
  {
    "id": "9ebe1b79-f03b-4363-92db-5e9271905e69",
    "market": "BTC-EUR",
    "timestamp": 1629030370491,
    "amount": "0.00446677",
    "price": "38930",
    "side": "sell"
  },
  {
    "id": "7fbb7801-9492-4cd0-b330-179118c808c2",
    "market": "BTC-EUR",
    "timestamp": 1629030365965,
    "amount": "0.02987403",
    "price": "38965",
    "side": "buy"
  },
  {
    "id": "a0b74a83-ac9b-4769-8c2c-eefe0da6e4dc",
    "market": "BTC-EUR",
    "timestamp": 1629030355879,
    "amount": "0.00257469",
    "price": "38937",
    "side": "sell"
  },
  {
    "id": "716ad82d-ce0e-4b41-9ae7-a8df9d581657",
    "market": "BTC-EUR",
    "timestamp": 1629030351241,
    "amount": "0.00063978",
    "price": "38978",
    "side": "buy"
  },
  {
    "id": "2831c0e6-f242-4127-8926-555ef0f40189",
    "market": "BTC-EUR",
    "timestamp": 1629030346005,
    "amount": "0.0064359",
    "price": "38942",
    "side": "sell"
  },
  {
    "id": "9eebe575-8bd6-497e-a2ba-c19d9449e237",
    "market": "BTC-EUR",
    "timestamp": 1629030343671,
    "amount": "0.00038391",
    "price": "38974",
    "side": "buy"
  },
  {
    "id": "70bf4718-bba6-4d5c-9e14-ceed01259109",
    "market": "BTC-EUR",
    "timestamp": 1629030337074,
    "amount": "0.00025591",
    "price": "38978",
    "side": "buy"
  },
  {
    "id": "f776b2ef-1f50-4d3c-bd81-783f06d25810",
    "market": "BTC-EUR",
    "timestamp": 1629030336971,
    "amount": "0.00031682",
    "price": "38978",
    "side": "buy"
  },
  {
    "id": "19d549fc-ba89-481a-84ff-4d23cf2d2b07",
    "market": "BTC-EUR",
    "timestamp": 1629030328763,
    "amount": "0.00128692",
    "price": "38950",
    "side": "sell"
  },
  {
    "id": "f30d317d-3f79-4eef-87ff-d5f63a073bf7",
    "market": "BTC-EUR",
    "timestamp": 1629030322906,
    "amount": "0.00255836",
    "price": "38990",
    "side": "buy"
  },
  {
    "id": "c27c3cbd-95a4-45a8-84c9-a33ab73cd77b",
    "market": "BTC-EUR",
    "timestamp": 1629030312143,
    "amount": "0.00900309",
    "price": "38973",
    "side": "sell"
  },
  {
    "id": "4787559c-ad9d-48c4-b7b2-0b8dfc9c46bf",
    "market": "BTC-EUR",
    "timestamp": 1629030310779,
    "amount": "0.27792",
    "price": "38969",
    "side": "sell"
  },
  {
    "id": "97e0d1dd-e0e3-4d98-a60f-14b4a3d4c9c0",
    "market": "BTC-EUR",
    "timestamp": 1629030302667,
    "amount": "0.00025572",
    "price": "39007",
    "side": "buy"
  },
  {
    "id": "a779d215-7521-4d20-a584-9c20db906318",
    "market": "BTC-EUR",
    "timestamp": 1629030298456,
    "amount": "0.00038372",
    "price": "38993",
    "side": "buy"
  },
  {
    "id": "44b0588e-bab1-4e4e-9e75-e5634d396e72",
    "market": "BTC-EUR",
    "timestamp": 1629030289245,
    "amount": "0.06015965",
    "price": "38993",
    "side": "buy"
  },
  {
    "id": "3e7793bf-390c-4587-9921-5720b6995662",
    "market": "BTC-EUR",
    "timestamp": 1629030272962,
    "amount": "0.0106396",
    "price": "39012",
    "side": "buy"
  },
  {
    "id": "8940e4ea-802b-4c5f-881d-b7defb4f418a",
    "market": "BTC-EUR",
    "timestamp": 1629030272957,
    "amount": "0.002708",
    "price": "39011",
    "side": "buy"
  },
  {
    "id": "fc98c1d5-5300-419c-a54e-c835e53f4b44",
    "market": "BTC-EUR",
    "timestamp": 1629030272951,
    "amount": "0.00071602",
    "price": "38977",
    "side": "buy"
  },
  {
    "id": "57127663-cabe-43de-a4ce-16187cb30211",
    "market": "BTC-EUR",
    "timestamp": 1629030264283,
    "amount": "0.00069045",
    "price": "39007",
    "side": "buy"
  },
  {
    "id": "b5b47d38-af40-46a8-866d-22a3b4f3f400",
    "market": "BTC-EUR",
    "timestamp": 1629030257631,
    "amount": "0.00115778",
    "price": "38965",
    "side": "sell"
  },
  {
    "id": "a52d21d5-69ca-4fdb-9642-a62181244534",
    "market": "BTC-EUR",
    "timestamp": 1629030250676,
    "amount": "0.00024869",
    "price": "38945",
    "side": "sell"
  },
  {
    "id": "593f3bf0-c75f-4b95-88c7-3cdb2df33432",
    "market": "BTC-EUR",
    "timestamp": 1629030250217,
    "amount": "0.00257423",
    "price": "38944",
    "side": "sell"
  },
  {
    "id": "5f27824c-669f-41b8-853d-1f5a54a7ca17",
    "market": "BTC-EUR",
    "timestamp": 1629030243996,
    "amount": "0.00012792",
    "price": "38989",
    "side": "buy"
  },
  {
    "id": "4bc1b696-6101-49ef-ac3c-25279ad91ce3",
    "market": "BTC-EUR",
    "timestamp": 1629030242019,
    "amount": "0.0006396",
    "price": "38989",
    "side": "buy"
  },
  {
    "id": "832a996f-0a8b-4aca-8132-ee55bc585cb0",
    "market": "BTC-EUR",
    "timestamp": 1629030237024,
    "amount": "0.00096862",
    "price": "38989",
    "side": "buy"
  },
  {
    "id": "d93c086a-5067-4b47-aa00-048a7177b58a",
    "market": "BTC-EUR",
    "timestamp": 1629030229491,
    "amount": "0.04198814",
    "price": "38989",
    "side": "buy"
  },
  {
    "id": "a70452cf-329e-483a-8d26-8d00b27044ff",
    "market": "BTC-EUR",
    "timestamp": 1629030229481,
    "amount": "0.00276249",
    "price": "38988",
    "side": "buy"
  },
  {
    "id": "6a1beb86-8e92-40d6-8a6a-4d6168f4c4cf",
    "market": "BTC-EUR",
    "timestamp": 1629030225752,
    "amount": "0.00094536",
    "price": "38988",
    "side": "buy"
  },
  {
    "id": "61a9644b-e1b3-4aac-80d0-8e24b403b2f3",
    "market": "BTC-EUR",
    "timestamp": 1629030225155,
    "amount": "0.00127924",
    "price": "38988",
    "side": "buy"
  },
  {
    "id": "4a4a1a73-0654-4f8e-aecf-5ef57434f9d3",
    "market": "BTC-EUR",
    "timestamp": 1629030217902,
    "amount": "0.00076752",
    "price": "38989",
    "side": "buy"
  },
  {
    "id": "047310ab-d9c7-416d-99d4-0f2cc60d0380",
    "market": "BTC-EUR",
    "timestamp": 1629030215880,
    "amount": "0.00498709",
    "price": "38933",
    "side": "sell"
  },
  {
    "id": "45165f9c-684f-4a15-b1b2-dae6fc049f76",
    "market": "BTC-EUR",
    "timestamp": 1629030212278,
    "amount": "0.00025942",
    "price": "38989",
    "side": "buy"
  },
  {
    "id": "3c9800cf-2834-4b42-8159-b06c9d1c6957",
    "market": "BTC-EUR",
    "timestamp": 1629030212272,
    "amount": "0.00101971",
    "price": "38988",
    "side": "buy"
  },
  {
    "id": "7454fcb5-c2e0-4cfb-a50e-bff3e5956a29",
    "market": "BTC-EUR",
    "timestamp": 1629030198764,
    "amount": "0.00013329",
    "price": "38988",
    "side": "buy"
  },
  {
    "id": "768133e0-1c29-41c0-9e90-8a2592b112ea",
    "market": "BTC-EUR",
    "timestamp": 1629030196504,
    "amount": "0.00102911",
    "price": "38966",
    "side": "sell"
  },
  {
    "id": "d3325547-75f2-4ee0-89a8-35b3d680474a",
    "market": "BTC-EUR",
    "timestamp": 1629030190094,
    "amount": "0.00990035",
    "price": "38989",
    "side": "buy"
  },
  {
    "id": "40e4413a-27bf-4abd-835c-03d4031a69b4",
    "market": "BTC-EUR",
    "timestamp": 1629030186186,
    "amount": "0.00025739",
    "price": "38950",
    "side": "sell"
  },
  {
    "id": "010617a9-abf0-4a8a-9e58-b2302135cd1e",
    "market": "BTC-EUR",
    "timestamp": 1629030185926,
    "amount": "0.00767528",
    "price": "38989",
    "side": "buy"
  },
  {
    "id": "dbcf8bb9-cec8-4367-b1c3-4777645a638f",
    "market": "BTC-EUR",
    "timestamp": 1629030175871,
    "amount": "0.02429116",
    "price": "39006",
    "side": "buy"
  },
  {
    "id": "6dece7e9-d49e-4869-873c-022868f3a885",
    "market": "BTC-EUR",
    "timestamp": 1629030175864,
    "amount": "0.00128187",
    "price": "39005",
    "side": "buy"
  },
  {
    "id": "03a08e25-6b79-4dd6-a365-5d7f2c1bc772",
    "market": "BTC-EUR",
    "timestamp": 1629030160983,
    "amount": "0.00128187",
    "price": "38978",
    "side": "sell"
  },
  {
    "id": "395cd117-5f5d-483c-a18b-3c965a7e5b8b",
    "market": "BTC-EUR",
    "timestamp": 1629030153795,
    "amount": "0.0033245",
    "price": "39006",
    "side": "buy"
  },
  {
    "id": "fa7566a3-32d0-41de-aefa-f1273785f56a",
    "market": "BTC-EUR",
    "timestamp": 1629030151322,
    "amount": "0.00303387",
    "price": "38981",
    "side": "buy"
  },
  {
    "id": "a9c1f85f-f183-4882-92f3-7c61b00e5f1e",
    "market": "BTC-EUR",
    "timestamp": 1629030146524,
    "amount": "0.02562277",
    "price": "38981",
    "side": "buy"
  },
  {
    "id": "74dab808-7473-4052-a565-dd5aeac24c57",
    "market": "BTC-EUR",
    "timestamp": 1629030134591,
    "amount": "0.0015668",
    "price": "39014",
    "side": "buy"
  },
  {
    "id": "88f735c1-5090-477c-a995-2189a4e637c4",
    "market": "BTC-EUR",
    "timestamp": 1629030134585,
    "amount": "0.001286",
    "price": "39013",
    "side": "buy"
  },
  {
    "id": "d0f6463c-ee3a-4463-9d28-3c53993000dc",
    "market": "BTC-EUR",
    "timestamp": 1629030123139,
    "amount": "0.00128557",
    "price": "38991",
    "side": "sell"
  },
  {
    "id": "8253dfe7-06d9-4eab-b6a1-fe6c49863528",
    "market": "BTC-EUR",
    "timestamp": 1629030116230,
    "amount": "0.00071078",
    "price": "39014",
    "side": "buy"
  },
  {
    "id": "4255622a-1063-44e3-a04c-6f841257eaed",
    "market": "BTC-EUR",
    "timestamp": 1629030115620,
    "amount": "0.01350598",
    "price": "39014",
    "side": "buy"
  },
  {
    "id": "136f762a-8568-40bf-9455-fb9de934c246",
    "market": "BTC-EUR",
    "timestamp": 1629030112575,
    "amount": "0.03188317",
    "price": "39014",
    "side": "buy"
  },
  {
    "id": "56dad6ab-3f5e-40ac-bdab-e7d745bc4d01",
    "market": "BTC-EUR",
    "timestamp": 1629030107353,
    "amount": "0.0062764",
    "price": "39014",
    "side": "buy"
  },
  {
    "id": "1bae7210-6c89-4bd2-bd9c-991a0d364fee",
    "market": "BTC-EUR",
    "timestamp": 1629030107345,
    "amount": "0.005229",
    "price": "39014",
    "side": "buy"
  },
  {
    "id": "d012e801-3b80-4ea3-9632-e6729e53c0b5",
    "market": "BTC-EUR",
    "timestamp": 1629030099941,
    "amount": "0.04649608",
    "price": "39015",
    "side": "buy"
  },
  {
    "id": "c487da83-1c18-4f01-97c8-a90084e5fd0b",
    "market": "BTC-EUR",
    "timestamp": 1629030099936,
    "amount": "0.01161374",
    "price": "39000",
    "side": "buy"
  },
  {
    "id": "0fcb7f10-cd42-4743-9add-63a893683d85",
    "market": "BTC-EUR",
    "timestamp": 1629030099928,
    "amount": "0.06975935",
    "price": "38999",
    "side": "buy"
  },
  {
    "id": "f2084026-ef4d-403d-8ebc-cd69fb8c6cdf",
    "market": "BTC-EUR",
    "timestamp": 1629030089958,
    "amount": "0.00127865",
    "price": "39006",
    "side": "buy"
  },
  {
    "id": "72a9d0b2-e9f2-4424-a551-861b12211ce7",
    "market": "BTC-EUR",
    "timestamp": 1629030085609,
    "amount": "0.01279825",
    "price": "39021",
    "side": "buy"
  },
  {
    "id": "ca11c4ad-658f-45c4-a388-019a861a058e",
    "market": "BTC-EUR",
    "timestamp": 1629030075536,
    "amount": "0.00102284",
    "price": "39009",
    "side": "buy"
  },
  {
    "id": "8ef1c949-56d5-43cc-b7f1-a7db0644b892",
    "market": "BTC-EUR",
    "timestamp": 1629030064399,
    "amount": "0.00099714",
    "price": "39014",
    "side": "buy"
  },
  {
    "id": "d2fe9350-3aa2-4db9-8ffc-54fbe3b030f1",
    "market": "BTC-EUR",
    "timestamp": 1629030048040,
    "amount": "0.00514278",
    "price": "38987",
    "side": "sell"
  },
  {
    "id": "0fa73259-725d-4524-8bc8-2b469b845340",
    "market": "BTC-EUR",
    "timestamp": 1629030035354,
    "amount": "0.0000967",
    "price": "38987",
    "side": "sell"
  },
  {
    "id": "6940d52b-b36f-470f-a9bf-b76f602e5b32",
    "market": "BTC-EUR",
    "timestamp": 1629030030846,
    "amount": "0.00127832",
    "price": "39016",
    "side": "buy"
  },
  {
    "id": "226e87d8-800a-4a7f-a0ff-0ccbc9fed1d0",
    "market": "BTC-EUR",
    "timestamp": 1629030029239,
    "amount": "0.00514212",
    "price": "38992",
    "side": "sell"
  },
  {
    "id": "83f39b7a-2af6-496b-8efe-6d3bdd1430a5",
    "market": "BTC-EUR",
    "timestamp": 1629030024029,
    "amount": "0.00063931",
    "price": "39007",
    "side": "buy"
  },
  {
    "id": "0dce0662-98f6-4b0c-93d8-9146ee3f9508",
    "market": "BTC-EUR",
    "timestamp": 1629030016694,
    "amount": "0.01209149",
    "price": "38979",
    "side": "sell"
  },
  {
    "id": "085740b3-ca5d-42c5-996e-cc6b9d838553",
    "market": "BTC-EUR",
    "timestamp": 1629030016688,
    "amount": "0.09472974",
    "price": "38986",
    "side": "sell"
  },
  {
    "id": "35a43073-4595-4695-9d55-53846d76d58b",
    "market": "BTC-EUR",
    "timestamp": 1629030016681,
    "amount": "0.01682",
    "price": "38987",
    "side": "sell"
  },
  {
    "id": "ba655de5-5e55-488b-a698-de0c7ba229b2",
    "market": "BTC-EUR",
    "timestamp": 1629030016674,
    "amount": "0.00481413",
    "price": "39011",
    "side": "sell"
  },
  {
    "id": "470439fe-4d25-41d9-8bb7-9946fc20fb00",
    "market": "BTC-EUR",
    "timestamp": 1629030012503,
    "amount": "0.01705793",
    "price": "39024",
    "side": "buy"
  },
  {
    "id": "efab887d-c7e3-4b42-a048-98a3822d1746",
    "market": "BTC-EUR",
    "timestamp": 1629030008070,
    "amount": "0.00511227",
    "price": "39024",
    "side": "buy"
  },
  {
    "id": "17f56cc3-f588-4d29-85cb-9db614973ab0",
    "market": "BTC-EUR",
    "timestamp": 1629029996356,
    "amount": "0.03272982",
    "price": "39030",
    "side": "buy"
  },
  {
    "id": "3baa64e3-94ca-4d8b-a84a-fae2d1c61ec3",
    "market": "BTC-EUR",
    "timestamp": 1629029992265,
    "amount": "0.00188587",
    "price": "39011",
    "side": "sell"
  },
  {
    "id": "f7d4e69f-491c-4378-8288-62c1761b206c",
    "market": "BTC-EUR",
    "timestamp": 1629029984316,
    "amount": "0.02567093",
    "price": "39017",
    "side": "sell"
  },
  {
    "id": "3f7f6990-21ef-435e-9d3e-39892583bb5a",
    "market": "BTC-EUR",
    "timestamp": 1629029981285,
    "amount": "0.01134232",
    "price": "39039",
    "side": "buy"
  },
  {
    "id": "bddd73f8-47dd-4e32-8f49-b61ffdf675a9",
    "market": "BTC-EUR",
    "timestamp": 1629029974534,
    "amount": "0.00055676",
    "price": "39039",
    "side": "buy"
  },
  {
    "id": "194d4bfb-96b6-4ecc-bf46-05e85cf374c8",
    "market": "BTC-EUR",
    "timestamp": 1629029968475,
    "amount": "0.01941916",
    "price": "39039",
    "side": "buy"
  },
  {
    "id": "5c3c7ea5-c18c-46d6-ad58-fe63a715a176",
    "market": "BTC-EUR",
    "timestamp": 1629029968106,
    "amount": "0.02567159",
    "price": "39016",
    "side": "sell"
  },
  {
    "id": "b73c467c-2257-4035-9e82-1bb75af3c2e4",
    "market": "BTC-EUR",
    "timestamp": 1629029960467,
    "amount": "0.00025545",
    "price": "39048",
    "side": "buy"
  },
  {
    "id": "a531fadd-c120-46e7-b5db-15e360f8c501",
    "market": "BTC-EUR",
    "timestamp": 1629029959524,
    "amount": "0.00078252",
    "price": "39012",
    "side": "sell"
  },
  {
    "id": "d86b7819-f800-4dcf-9b6c-f61452b1b3a2",
    "market": "BTC-EUR",
    "timestamp": 1629029949154,
    "amount": "0.00027151",
    "price": "39053",
    "side": "buy"
  },
  {
    "id": "1bc250c7-7b75-49b1-9879-078f80d95c9d",
    "market": "BTC-EUR",
    "timestamp": 1629029946678,
    "amount": "0.19154816",
    "price": "39057",
    "side": "buy"
  },
  {
    "id": "beba2187-7cca-4daa-bced-1d1cc26660e2",
    "market": "BTC-EUR",
    "timestamp": 1629029946181,
    "amount": "0.09821823",
    "price": "39057",
    "side": "buy"
  },
  {
    "id": "6f12b1a6-ece0-4209-9de5-7466bc1b1049",
    "market": "BTC-EUR",
    "timestamp": 1629029946175,
    "amount": "0.004051",
    "price": "39045",
    "side": "buy"
  },
  {
    "id": "3bec6c1d-cf30-449d-863d-913eaf636bdb",
    "market": "BTC-EUR",
    "timestamp": 1629029933707,
    "amount": "0.00511043",
    "price": "39038",
    "side": "buy"
  },
  {
    "id": "7efe1e41-2afb-4ba2-8731-edd1698bc90e",
    "market": "BTC-EUR",
    "timestamp": 1629029931738,
    "amount": "0.00025569",
    "price": "39011",
    "side": "buy"
  },
  {
    "id": "ade2dfa0-35cd-4be3-b389-1f8816c1d250",
    "market": "BTC-EUR",
    "timestamp": 1629029929070,
    "amount": "0.00015337",
    "price": "39021",
    "side": "buy"
  },
  {
    "id": "481fe02d-7045-471a-8fa9-d991d452de53",
    "market": "BTC-EUR",
    "timestamp": 1629029912690,
    "amount": "0.0639214",
    "price": "39013",
    "side": "buy"
  },
  {
    "id": "b64894ee-5965-4f91-bce1-97ac36024d13",
    "market": "BTC-EUR",
    "timestamp": 1629029911607,
    "amount": "0.00049345",
    "price": "38999",
    "side": "sell"
  },
  {
    "id": "a88aa9be-cb8d-45cb-84c9-6ec57b4a3d19",
    "market": "BTC-EUR",
    "timestamp": 1629029910652,
    "amount": "0.00767143",
    "price": "39019",
    "side": "buy"
  },
  {
    "id": "b0f2c578-3725-4be8-ace8-4815456d7097",
    "market": "BTC-EUR",
    "timestamp": 1629029903951,
    "amount": "0.00012777",
    "price": "39033",
    "side": "buy"
  },
  {
    "id": "33708a1a-7be1-4da0-a809-bd596efecad4",
    "market": "BTC-EUR",
    "timestamp": 1629029901052,
    "amount": "0.30287553",
    "price": "39001",
    "side": "buy"
  },
  {
    "id": "bb3fc31e-e35a-4639-9b02-282766050cc4",
    "market": "BTC-EUR",
    "timestamp": 1629029901045,
    "amount": "0.01683",
    "price": "39000",
    "side": "buy"
  },
  {
    "id": "b3731a49-1294-42c2-8fbf-a93b653e1b01",
    "market": "BTC-EUR",
    "timestamp": 1629029892041,
    "amount": "0.00257172",
    "price": "38982",
    "side": "sell"
  },
  {
    "id": "da749297-8d1e-420b-9610-fd70639e1844",
    "market": "BTC-EUR",
    "timestamp": 1629029882744,
    "amount": "0.00255718",
    "price": "39008",
    "side": "buy"
  },
  {
    "id": "c7d65d35-b1ce-443e-910f-3c4cb39afcd1",
    "market": "BTC-EUR",
    "timestamp": 1629029880757,
    "amount": "0.01157205",
    "price": "39017",
    "side": "buy"
  },
  {
    "id": "d426e46d-be67-4db0-ac7a-c1f516e0d9d3",
    "market": "BTC-EUR",
    "timestamp": 1629029880748,
    "amount": "0.01400675",
    "price": "39016",
    "side": "buy"
  },
  {
    "id": "8123b543-2717-4051-8829-3e3969da4667",
    "market": "BTC-EUR",
    "timestamp": 1629029868755,
    "amount": "0.00025223",
    "price": "39032",
    "side": "buy"
  },
  {
    "id": "5f5b85d4-ee84-4df3-b2f0-8efebcf2584f",
    "market": "BTC-EUR",
    "timestamp": 1629029866879,
    "amount": "0.03167325",
    "price": "38995",
    "side": "sell"
  },
  {
    "id": "824a8ab3-f860-40b0-9ada-2c1bc02c8e7f",
    "market": "BTC-EUR",
    "timestamp": 1629029853383,
    "amount": "0.002571",
    "price": "38993",
    "side": "sell"
  },
  {
    "id": "795d240d-56a1-49d1-9221-8d43a9aaafa3",
    "market": "BTC-EUR",
    "timestamp": 1629029852945,
    "amount": "0.00012782",
    "price": "39019",
    "side": "buy"
  },
  {
    "id": "10f12b8b-a8d6-43c2-91e6-37f131302de3",
    "market": "BTC-EUR",
    "timestamp": 1629029831000,
    "amount": "0.14973396",
    "price": "38993",
    "side": "sell"
  },
  {
    "id": "afa4283e-4fbb-4be8-a7d1-95ee2e6f6ba4",
    "market": "BTC-EUR",
    "timestamp": 1629029830412,
    "amount": "0.00255764",
    "price": "39001",
    "side": "buy"
  },
  {
    "id": "957ed98a-79fd-4cb4-856e-7c67688de4e9",
    "market": "BTC-EUR",
    "timestamp": 1629029827504,
    "amount": "0.00127846",
    "price": "39012",
    "side": "buy"
  },
  {
    "id": "50957b50-0a19-4972-b11a-361bdf06afe5",
    "market": "BTC-EUR",
    "timestamp": 1629029825824,
    "amount": "0.22580573",
    "price": "38983",
    "side": "sell"
  },
  {
    "id": "6512d403-239f-4589-bea9-909bf18d1d9d",
    "market": "BTC-EUR",
    "timestamp": 1629029825815,
    "amount": "0.01683",
    "price": "38994",
    "side": "sell"
  },
  {
    "id": "5fcbfcd0-6389-4c19-8292-218c1e2d1425",
    "market": "BTC-EUR",
    "timestamp": 1629029821541,
    "amount": "0.00012779",
    "price": "39027",
    "side": "buy"
  },
  {
    "id": "0ae25324-ac98-4b45-b9a6-5721c242a9a9",
    "market": "BTC-EUR",
    "timestamp": 1629029818079,
    "amount": "0.00874809",
    "price": "38999",
    "side": "buy"
  },
  {
    "id": "49aded6f-4895-4218-a75d-182b9c32a25d",
    "market": "BTC-EUR",
    "timestamp": 1629029818073,
    "amount": "0.01683",
    "price": "38998",
    "side": "buy"
  },
  {
    "id": "14664d2c-70a4-46ff-86a0-3a013eddc7cd",
    "market": "BTC-EUR",
    "timestamp": 1629029811919,
    "amount": "0.01545751",
    "price": "39020",
    "side": "buy"
  },
  {
    "id": "a4873d6f-603c-479a-a4a9-0c1252459f67",
    "market": "BTC-EUR",
    "timestamp": 1629029811905,
    "amount": "0.0164978",
    "price": "39019",
    "side": "buy"
  },
  {
    "id": "9cb1be4f-9717-45fa-94ee-d89fda2b6042",
    "market": "BTC-EUR",
    "timestamp": 1629029803925,
    "amount": "0.03859931",
    "price": "38987",
    "side": "sell"
  },
  {
    "id": "6ab2d86e-44f4-459e-9c14-092fa7d02abb",
    "market": "BTC-EUR",
    "timestamp": 1629029803917,
    "amount": "0.01682",
    "price": "38988",
    "side": "sell"
  },
  {
    "id": "0a18c8d4-d27c-4486-9e00-4e219f6613ad",
    "market": "BTC-EUR",
    "timestamp": 1629029803909,
    "amount": "0.00882207",
    "price": "39034",
    "side": "sell"
  },
  {
    "id": "fd41471d-c98a-42f2-9625-3dc1ffc8d444",
    "market": "BTC-EUR",
    "timestamp": 1629029797047,
    "amount": "0.0003322",
    "price": "39035",
    "side": "buy"
  },
  {
    "id": "790bb763-7dcb-4c96-ac3f-e0a24a755776",
    "market": "BTC-EUR",
    "timestamp": 1629029796238,
    "amount": "0.00005045",
    "price": "39034",
    "side": "sell"
  },
  {
    "id": "61e87d74-0032-480f-924d-ac99f6a93850",
    "market": "BTC-EUR",
    "timestamp": 1629029789206,
    "amount": "0.00638853",
    "price": "39035",
    "side": "buy"
  },
  {
    "id": "5721e62a-115e-4d72-8122-1212b86dd0b6",
    "market": "BTC-EUR",
    "timestamp": 1629029780285,
    "amount": "0.12534",
    "price": "39047",
    "side": "buy"
  },
  {
    "id": "1198cf4c-e30a-4dcb-8750-64cd99419baa",
    "market": "BTC-EUR",
    "timestamp": 1629029770276,
    "amount": "0.00112748",
    "price": "39034",
    "side": "sell"
  },
  {
    "id": "33a3e498-311d-4cb4-b47c-a81b789525f6",
    "market": "BTC-EUR",
    "timestamp": 1629029765245,
    "amount": "0.0001277",
    "price": "39056",
    "side": "buy"
  },
  {
    "id": "1c8ccc7f-6668-41ba-a8b6-2acb85045279",
    "market": "BTC-EUR",
    "timestamp": 1629029759085,
    "amount": "0.1",
    "price": "39028",
    "side": "sell"
  },
  {
    "id": "3e72b809-2188-41e6-a062-8aa7f9d0885f",
    "market": "BTC-EUR",
    "timestamp": 1629029756626,
    "amount": "0.08344689",
    "price": "39021",
    "side": "sell"
  },
  {
    "id": "24833d28-fec1-48bf-b1ea-1b95e49103ed",
    "market": "BTC-EUR",
    "timestamp": 1629029756619,
    "amount": "0.01655311",
    "price": "39028",
    "side": "sell"
  },
  {
    "id": "4beb70a9-1bc3-4d3f-96df-b7c936cd0e34",
    "market": "BTC-EUR",
    "timestamp": 1629029730555,
    "amount": "0.00025689",
    "price": "39025",
    "side": "sell"
  },
  {
    "id": "390ef1de-7a6a-4ca7-89a7-22b92686bb94",
    "market": "BTC-EUR",
    "timestamp": 1629029727529,
    "amount": "0.00255521",
    "price": "39038",
    "side": "buy"
  },
  {
    "id": "163cf3ff-cf74-4a1b-8ba0-e2aecc46bfec",
    "market": "BTC-EUR",
    "timestamp": 1629029725674,
    "amount": "0.82740274",
    "price": "39023",
    "side": "sell"
  },
  {
    "id": "da53d6b5-342a-4321-a59e-b93128021d05",
    "market": "BTC-EUR",
    "timestamp": 1629029725667,
    "amount": "0.01681",
    "price": "39023",
    "side": "sell"
  },
  {
    "id": "8cd3f8ee-123a-43b4-b8bd-d187db1072f0",
    "market": "BTC-EUR",
    "timestamp": 1629029721018,
    "amount": "0.0127702",
    "price": "39056",
    "side": "buy"
  },
  {
    "id": "e39ab8a3-1c03-4329-be23-7c53a1004abb",
    "market": "BTC-EUR",
    "timestamp": 1629029721009,
    "amount": "0.00127702",
    "price": "39056",
    "side": "buy"
  },
  {
    "id": "b1f9d219-98e4-46ed-88d4-1be14adf02d7",
    "market": "BTC-EUR",
    "timestamp": 1629029705458,
    "amount": "0.00077073",
    "price": "39022",
    "side": "sell"
  },
  {
    "id": "bd26d065-f816-4937-9429-37d0505de1f4",
    "market": "BTC-EUR",
    "timestamp": 1629029688518,
    "amount": "0.01284507",
    "price": "39023",
    "side": "sell"
  },
  {
    "id": "763af8bf-22bd-4d63-ab21-a1676a02c870",
    "market": "BTC-EUR",
    "timestamp": 1629029667303,
    "amount": "0.00083531",
    "price": "39073",
    "side": "buy"
  },
  {
    "id": "d89654dc-aee2-498b-908d-dc3004865c52",
    "market": "BTC-EUR",
    "timestamp": 1629029666269,
    "amount": "0.01276299",
    "price": "39056",
    "side": "sell"
  },
  {
    "id": "baedde7d-ee48-4629-a10d-22d63985cb3a",
    "market": "BTC-EUR",
    "timestamp": 1629029663240,
    "amount": "0.00944792",
    "price": "39048",
    "side": "sell"
  },
  {
    "id": "7640ca00-3d83-40c5-a73e-eaf7d2bf6f0b",
    "market": "BTC-EUR",
    "timestamp": 1629029660921,
    "amount": "0.00255302",
    "price": "39091",
    "side": "buy"
  },
  {
    "id": "586fab54-24e1-4f1f-97da-c239c9bf78b0",
    "market": "BTC-EUR",
    "timestamp": 1629029659258,
    "amount": "0.00256797",
    "price": "39039",
    "side": "sell"
  },
  {
    "id": "95519779-3d47-4cce-8cfc-06015882da75",
    "market": "BTC-EUR",
    "timestamp": 1629029658191,
    "amount": "0.0080991",
    "price": "39093",
    "side": "buy"
  },
  {
    "id": "8b5ab51c-7679-4f78-b048-5441b4f90d06",
    "market": "BTC-EUR",
    "timestamp": 1629029654974,
    "amount": "0.00101",
    "price": "39093",
    "side": "buy"
  },
  {
    "id": "ae0f1b11-d10f-4941-8575-dda983a9a1e3",
    "market": "BTC-EUR",
    "timestamp": 1629029653336,
    "amount": "0.00127723",
    "price": "39100",
    "side": "buy"
  },
  {
    "id": "53721f8f-d64b-4d49-9c7b-081ef82641c7",
    "market": "BTC-EUR",
    "timestamp": 1629029649881,
    "amount": "0.00265857",
    "price": "39100",
    "side": "buy"
  },
  {
    "id": "5e2d3dc6-eba1-4c12-9e43-3d2f391530d1",
    "market": "BTC-EUR",
    "timestamp": 1629029649874,
    "amount": "0.01009724",
    "price": "39100",
    "side": "buy"
  },
  {
    "id": "8e5c0138-3063-4e3b-bd71-b49bda760409",
    "market": "BTC-EUR",
    "timestamp": 1629029636149,
    "amount": "0.00155891",
    "price": "39101",
    "side": "sell"
  },
  {
    "id": "977261a2-8e16-4816-9ab6-616e4501939f",
    "market": "BTC-EUR",
    "timestamp": 1629029633689,
    "amount": "0.00353109",
    "price": "39101",
    "side": "sell"
  },
  {
    "id": "2da5f6ef-62cb-4e46-bbe3-dfe675eeeaaf",
    "market": "BTC-EUR",
    "timestamp": 1629029633680,
    "amount": "0.00459",
    "price": "39103",
    "side": "sell"
  },
  {
    "id": "e26a6d8e-2263-4721-a0e4-aca658c1df42",
    "market": "BTC-EUR",
    "timestamp": 1629029633622,
    "amount": "0.01678",
    "price": "39104",
    "side": "sell"
  },
  {
    "id": "0e23e829-44d1-49b5-b67b-8656eccf1be6",
    "market": "BTC-EUR",
    "timestamp": 1629029623840,
    "amount": "0.06378",
    "price": "39119",
    "side": "buy"
  },
  {
    "id": "a3856520-f681-41a5-b89c-eeb4460a0cb1",
    "market": "BTC-EUR",
    "timestamp": 1629029620745,
    "amount": "0.00101997",
    "price": "39119",
    "side": "buy"
  },
  {
    "id": "93cb87ee-43ec-4e3c-9fab-597ec179acca",
    "market": "BTC-EUR",
    "timestamp": 1629029616142,
    "amount": "0.07540223",
    "price": "39129",
    "side": "buy"
  },
  {
    "id": "6d8c216b-eab6-4b97-b8ef-a4e80cafa438",
    "market": "BTC-EUR",
    "timestamp": 1629029616136,
    "amount": "0.001076",
    "price": "39128",
    "side": "buy"
  },
  {
    "id": "f78b73b1-1d03-4b49-b24c-ae06a62ee5b7",
    "market": "BTC-EUR",
    "timestamp": 1629029591581,
    "amount": "0.01274638",
    "price": "39129",
    "side": "buy"
  },
  {
    "id": "640a90b3-e241-4f30-b038-36d38c7ecc88",
    "market": "BTC-EUR",
    "timestamp": 1629029590312,
    "amount": "0.00047189",
    "price": "39113",
    "side": "sell"
  },
  {
    "id": "98fb9131-df19-48d3-a016-e3fa6779954d",
    "market": "BTC-EUR",
    "timestamp": 1629029584814,
    "amount": "0.00267",
    "price": "39142",
    "side": "buy"
  },
  {
    "id": "56d498c7-7b60-4a28-85a1-c6bc2d0e9371",
    "market": "BTC-EUR",
    "timestamp": 1629029581966,
    "amount": "0.00011926",
    "price": "39142",
    "side": "buy"
  },
  {
    "id": "d40b3658-b944-464c-89b8-5062f46746e1",
    "market": "BTC-EUR",
    "timestamp": 1629029580949,
    "amount": "0.0002309",
    "price": "39107",
    "side": "sell"
  },
  {
    "id": "0c2a0d2a-d140-47fa-84c5-c045bc1e06e2",
    "market": "BTC-EUR",
    "timestamp": 1629029580745,
    "amount": "0.00254842",
    "price": "39142",
    "side": "buy"
  },
  {
    "id": "d0621fe0-318a-495b-8c5e-bda7cd883bd3",
    "market": "BTC-EUR",
    "timestamp": 1629029576873,
    "amount": "0.02549701",
    "price": "39142",
    "side": "buy"
  },
  {
    "id": "c40f4003-127d-48d6-8c17-954110b0d2c9",
    "market": "BTC-EUR",
    "timestamp": 1629029572618,
    "amount": "0.00509685",
    "price": "39142",
    "side": "buy"
  },
  {
    "id": "ba0c792a-93c5-4a4a-b931-12bde4e350a1",
    "market": "BTC-EUR",
    "timestamp": 1629029563944,
    "amount": "0.00239607",
    "price": "39133",
    "side": "buy"
  },
  {
    "id": "c784a2a9-f5ad-4a78-b9aa-720309524ac7",
    "market": "BTC-EUR",
    "timestamp": 1629029557834,
    "amount": "0.00299976",
    "price": "39101",
    "side": "sell"
  },
  {
    "id": "c2ad7f76-c704-4c42-a114-ec5c3c029ed8",
    "market": "BTC-EUR",
    "timestamp": 1629029548896,
    "amount": "0.00748015",
    "price": "39103",
    "side": "sell"
  },
  {
    "id": "bad93b12-6b2a-4243-a6c3-1bbc495ba8ed",
    "market": "BTC-EUR",
    "timestamp": 1629029547476,
    "amount": "0.05096858",
    "price": "39142",
    "side": "buy"
  },
  {
    "id": "52ec2fc6-5e9a-4824-84ce-bb531129c90b",
    "market": "BTC-EUR",
    "timestamp": 1629029521796,
    "amount": "0.00484686",
    "price": "39138",
    "side": "buy"
  },
  {
    "id": "c6875955-ec13-4257-b6a6-5dddd310b6a8",
    "market": "BTC-EUR",
    "timestamp": 1629029520534,
    "amount": "0.00026928",
    "price": "39091",
    "side": "sell"
  },
  {
    "id": "a7925438-b72d-43e8-a16b-6e91c25877d4",
    "market": "BTC-EUR",
    "timestamp": 1629029520275,
    "amount": "0.00025605",
    "price": "39113",
    "side": "buy"
  },
  {
    "id": "f8752ace-5a11-4138-8736-894752fa6925",
    "market": "BTC-EUR",
    "timestamp": 1629029516866,
    "amount": "0.00012743",
    "price": "39138",
    "side": "buy"
  },
  {
    "id": "dd2e5d0e-0819-4bf1-b9b0-90802ce6a9c3",
    "market": "BTC-EUR",
    "timestamp": 1629029513744,
    "amount": "0.01674912",
    "price": "39125",
    "side": "buy"
  },
  {
    "id": "64f925ba-3108-468f-b9e4-a6bb4af02a72",
    "market": "BTC-EUR",
    "timestamp": 1629029513737,
    "amount": "0.008759",
    "price": "39124",
    "side": "buy"
  },
  {
    "id": "ea6bad12-b0c1-49e3-9365-6e4a10ecf687",
    "market": "BTC-EUR",
    "timestamp": 1629029500314,
    "amount": "0.00762823",
    "price": "39103",
    "side": "sell"
  },
  {
    "id": "f03d5d7e-30e2-4215-b327-6f2ffec7cb2b",
    "market": "BTC-EUR",
    "timestamp": 1629029497183,
    "amount": "0.00064112",
    "price": "39092",
    "side": "sell"
  },
  {
    "id": "6a3edc34-beac-46dd-a01d-ed288760e6f9",
    "market": "BTC-EUR",
    "timestamp": 1629029497013,
    "amount": "0.00811844",
    "price": "39121",
    "side": "sell"
  },
  {
    "id": "b5e9c78a-4770-4e3d-90bc-09628d3e0827",
    "market": "BTC-EUR",
    "timestamp": 1629029492833,
    "amount": "0.00019291",
    "price": "39142",
    "side": "buy"
  },
  {
    "id": "f2e2fc32-1538-485d-bd9d-e190037105fb",
    "market": "BTC-EUR",
